@ARTICLE{_s_mohan_characterization_1992,
  AUTHOR = {Κ S MOHAN, Κ Ρ GOPINATHAN},
  DATE = {1992},
  FILE = {/home/aubrey/Zotero/storage/V64UP73S/Mohan, K. S. and Gopinathan, K.P. 1992.pdf},
  JOURNALTITLE = {J. Biosci.,},
  NUMBER = {4},
  PAGES = {421--430},
  TITLE = {Characterization of the Genome of {{Oryctes}} Baculovirus, a Viral Biocide of the Insect Pest {{Oryctes}} Rhinoceros},
  VOLUME = {17},
}

@ARTICLE{a.sujatha_occurrence_1992,
  AUTHOR = {A.SUJATHA, S. .M. ZAHERUDDEEN and J.KRISHNA PRASADJI},
  DATE = {1992},
  FILE = {/home/aubrey/Zotero/storage/DRZS8CV2/Occurrence of baculovirus in natural.pdf},
  JOURNALTITLE = {I.Biol.Control},
  NUMBER = {2},
  PAGES = {77--79},
  TITLE = {Occurrence of {{Baculovirus}} in {{Natural Population}} of {{Oryctes}} Rhinoceros ({{L}}.) in {{Andhra Pradesh}}},
  VOLUME = {6},
}

@ARTICLE{abidin_population_2014,
  AUTHOR = {Abidin, Mohd Rizuan Zainal and Ahmad, Abu Hassan and Salim, Hasber and Hamid, Noor Hisham},
  DATE = {2014},
  FILE = {/home/aubrey/Zotero/storage/H8UFZSYQ/joprv26jun2014-rizuan1.pdf},
  JOURNALTITLE = {Journal of Oil Palm Research},
  NUMBER = {2},
  PAGES = {140--145},
  TITLE = {Population Dynamics of {{Oryctus}} Rhinoceros in Decomposing Oil Palm Trunks in Areas Practising Zero Burning and Partial Burning},
  URL = {http://jopr.mpob.gov.my/wp-content/uploads/2014/06/joprv26jun2014-rizuan1.pdf},
  URLDATE = {2019-08-23},
  VOLUME = {26},
}

@THESIS{adams_analysis_2019,
  AUTHOR = {Adams, Brandi-Leigh H},
  DATE = {2019},
  FILE = {/home/aubrey/Zotero/storage/G65232JM/Adams et al. - TROPICAL PLANT PATHOLOGY MAY 2019.pdf},
  INSTITUTION = {{University of Hawaii}},
  LANGID = {english},
  LOCATION = {{Manoa, Hawaii}},
  TITLE = {{{ANALYSIS AND DEVELOPMENT OF MANAGEMENT TOOLS FOR ORYCTES RHINOCEROS}} ({{COLEOPTERA}}: {{SCARABAEIDAE}})},
}

@ARTICLE{adhira_m._nayar_modulation_2019,
  AUTHOR = {Adhira M. Nayar, D. A. Evans},
  DATE = {2019},
  JOURNALTITLE = {Proceedings of the National Academy of Sciences, India Section B: Biological Sciences},
  NUMBER = {2},
  PAGES = {703--713},
  TITLE = {Modulation of {{Carbohydrate Metabolism}} in {{Asiatic Rhinoceros Beetle}} ({{Oryctes}} Rhinoceros [{{L}}]) {{Grubs}} in {{Response}} to {{Various Stressors}}},
  VOLUME = {89},
}

@REPORT{ahmad_final_2006,
  AUTHOR = {Ahmad, Abu Hassan},
  DATE = {2006},
  FILE = {/home/aubrey/Zotero/storage/DGUMU6TJ/Ahmad - 2006 - Final report on control of rhinoceros beetles (Oryctes rhinoceros) (SCARABAEIDAE COLEOPTERA) in a zero burning replanted.pdf},
  PAGES = {1--71},
  TITLE = {Final Report on Control of Rhinoceros Beetles ({{Oryctes}} Rhinoceros) ({{SCARABAEIDAE}}: {{COLEOPTERA}}) in a Zero Burning Replanted Oil Palm Area, {{Felda Plantation}}, {{Lepar Utara}}, {{Pahang}} (2003-2006)},
}

@ARTICLE{akikazu_sakudo_inactivation_2010,
  AUTHOR = {Akikazu Sakudo, Takashi Onodera and Yasuharu Tanaka},
  DATE = {2010},
  FILE = {/home/aubrey/Zotero/storage/2A32K2PV/Akikazu Sakudo et al. 2010 virus inactivation.pdf},
  JOURNALTITLE = {In: Sterlization and disinfection by Plasma.....},
  NOTE = {Editors: Akikazu Sakudo and Hideharu Shintani ©2010 Nova Science Publishers, Inc.},
  TITLE = {{{INACTIVATION OF VIRUSES}}},
}

@INCOLLECTION{ali_ahmed_detection_2019,
  AUTHOR = {Ali Ahmed, Abdelhameed Ibrahim and Sherif Hussein},
  BOOKTITLE = {Machine {{Learning Paradigms}}: {{Theory}} and {{Application}}, {{Studies}} in {{Computational Intelligence}}},
  DATE = {2019},
  FILE = {/home/aubrey/Zotero/storage/7Z9BAPX8/10.1007978-3-030-02357-712.pdf},
  PAGES = {253--270},
  TITLE = {Detection of {{Palm Tree Pests Using Thermal Imaging}}: {{A Review}}},
  VOLUME = {801},
}

@ARTICLE{ali_microbial_nodate,
  AUTHOR = {Ali, Siti Ramlah Ahmad and Moslim, Ramle and Kamarudin, Norman and Wahid, Mohd Basri},
  FILE = {/home/aubrey/Zotero/storage/27B5P58F/Ali et al. - MICROBIAL APPROACH IN PEST CONTROL.pdf},
  LANGID = {english},
  PAGES = {50},
  TITLE = {{{MICROBIAL APPROACH IN PEST CONTROL}}},
}

@ARTICLE{allan_m._crawford_changes_1983,
  AUTHOR = {ALLAN M. CRAWFORD, MALCOLM PARSLOW and CATHERINE SHEEHAN},
  DATE = {1983},
  FILE = {/home/aubrey/Zotero/storage/BCTQSC4Z/Crawford, A. M. et al. 1983.pdf},
  JOURNALTITLE = {New Zealand J. Zoology},
  PAGES = {405--408},
  TITLE = {Changes in the Karyotype of the Cell Line, {{DSIR}}-{{HA}}-1179, and a Comparison with That of Its Parent Insect, {{Heteronychus}} Arator ({{F}}.) ({{Coleoptera}}: {{Scarabaeidae}})},
  VOLUME = {10},
}

@ARTICLE{allan_m._crawford_changes_1983-1,
  AUTHOR = {ALLAN M. CRAWFORD, MALCOLM PARSLOW and CATHERINE SHEEHAN},
  DATE = {1983},
  JOURNALTITLE = {New Zealand J. Zoology},
  PAGES = {405--408},
  TITLE = {Changes in the Karyotype of the Cell Line, {{DSIR}}-{{HA}}-1179, and a Comparison with That of Its Parent Insect, {{Heteronychus}} Arator ({{F}}.) ({{Coleoptera}}: {{Scarabaeidae}})},
  VOLUME = {10},
}

@ARTICLE{allan_m._crawford_genotypic_1986,
  AUTHOR = {ALLAN M. CRAWFORD,, BERNHARD ZELAZNY and AMBROSIO R. ALFILER},
  DATE = {1986},
  FILE = {/home/aubrey/Zotero/storage/F2CE6TFG/ALLAN M. CRAWFORD et al. 1986.pdf},
  JOURNALTITLE = {J. gen. Virol.},
  PAGES = {949--952},
  TITLE = {Genotypic {{Variation}} in {{Geographical Isolates}} of {{Oryctes Baculovirus}}},
  VOLUME = {67},
}

@ARTICLE{allan_m._crawford_physical_1985,
  AUTHOR = {ALLAN M. CRAWFORD, KEVIN ASHBRIDGE and CATHY SHEEHAN, PETER FAULKNER},
  DATE = {1985},
  FILE = {/home/aubrey/Zotero/storage/7HI86GD6/Crawford, A. M. et al. 1985.pdf},
  JOURNALTITLE = {J. gen Virology},
  PAGES = {2649--2658},
  TITLE = {A {{Physical Map}} of the {{Oryctes Baculovirus Genome}}},
  VOLUME = {66},
}

@ARTICLE{allan_m._crawford_replication_1985,
  AUTHOR = {ALLAN M. CRAWFORD, CATHY SHEEHAN},
  DATE = {1985},
  FILE = {/home/aubrey/Zotero/storage/JBGPU95S/Crawford and Sheehan 1985.pdf},
  JOURNALTITLE = {J gen Virology},
  PAGES = {529--539},
  TITLE = {Replication of {{Oryctes Baculovirus}} in {{Cell Culture}}: {{Viral Morphogenesis}}, {{Infectivity}} and {{Protein Synthesis}}},
  VOLUME = {66},
}

@ARTICLE{allan_m.crawford_attempts_1981,
  AUTHOR = {Allan M.Crawford},
  DATE = {1981},
  JOURNALTITLE = {Virology},
  NUMBER = {2},
  PAGES = {625--633},
  TITLE = {Attempts to Obtain {{Oryctes}} Baculovirus Replication in Three Insect Cell Cultures},
  VOLUME = {112},
}

@ARTICLE{allan_m.crawford_evolution_1990,
  AUTHOR = {Allan M.Crawford, Bernhard Zelazny},
  DATE = {1990},
  JOURNALTITLE = {Virology},
  NUMBER = {1},
  PAGES = {294--298},
  TITLE = {Evolution in {{Oryctes}} Baculovirus: {{Rate}} and Types of Genomic Change},
  VOLUME = {174},
}

@ARTICLE{allou_oryctes_2006,
  AUTHOR = {Allou, Kouassi and Morin, Jean-Paul and Kouassi, Philippe and {Fran}},
  DATE = {2006},
  FILE = {/home/aubrey/Zotero/storage/NFCGAE8A/Allou et al. - 2006 - Oryctes monoceros trapping with synthetic pheromone and palm material in Ivory Coast.pdf},
  JOURNALTITLE = {Journal of Chemical Ecology},
  KEYWORDS = {coconut rhinoceros beetle and oryctes rhinoceros},
  PAGES = {1743--1754},
  TITLE = {Oryctes Monoceros Trapping with Synthetic Pheromone and Palm Material in {{Ivory Coast}}},
  URL = {http://www.guaminsects.net/CRB/docs/Allou 2006 Oryctes monoceros trapping with synthetic pheromone and palm material in Ivory Coast�.pdf},
  VOLUME = {32},
}

@ARTICLE{alois_m.huger_virus_1966,
  AUTHOR = {Alois M.Huger},
  DATE = {1966},
  JOURNALTITLE = {Journal of Invertebrate Pathology},
  NUMBER = {1},
  PAGES = {38--51},
  TITLE = {A Virus Disease of the {{Indian}} Rhinoceros Beetle, {{Oryctes}} Rhinoceros (Linnaeus), Caused by a New Type of Insect Virus, {{Rhabdionvirus}} Oryctes Gen. n., Sp. n},
  VOLUME = {8},
}

@MISC{anonymus_pohnpei_2019,
  AUTHOR = {Anonymus},
  DATE = {2019},
  FILE = {/home/aubrey/Zotero/storage/AP2TIVHU/Pohnpei-crb-poster.pdf},
  TITLE = {Pohnpei {{Coconut Rhinoceros Beetle Poster}}},
}

@UNPUBLISHED{aubrey_moore_coconut_2018-2,
  AUTHOR = {{Aubrey Moore}},
  DATE = {2018-09-22},
  EVENTTITLE = {Guam {{Humanities Project}}: {{Taking Root}}: {{Growing Youth Empowerment}} for {{Island Sustainability}}},
  FILE = {/home/aubrey/Zotero/storage/VFDXG6PY/Aubrey_Jane_Goodall.odp},
  KEYWORDS = {McIntire-Stennis final report 2019,presentation2018},
  NOTE = {Presented to students participating in the Guam Humanities Project: Taking Root: Growing Youth Empowerment for Island Sustainability at University of Guam, Mangilao, Guam.},
  TITLE = {The {{Coconut Rhinoceros Beetle Outbreak}} on {{Guam}}: {{What Can Be Done About It}}?},
  URL = {https://ndownloader.figshare.com/files/13141172},
  VENUE = {{University of Guam, Mangilao, Guam.}},
}

@ARTICLE{b._zelazny_introduction_1990,
  AUTHOR = {B. Zelazny, A. Lolong and A. M. Crawford},
  DATE = {1990},
  JOURNALTITLE = {Environmental Entomology},
  NUMBER = {4},
  PAGES = {1115--1121},
  TITLE = {Introduction and {{Field Comparison}} of {{Baculovirus Strains Against Oryctes}} Rhinoceros ({{Coleoptera}}: {{Scarahaeidae}}) in the {{Maldives}}},
  VOLUME = {19},
}

@ARTICLE{b._zelazny_oryctes_1992,
  AUTHOR = {B. Zelazny, A. Lolong and B.Pattang},
  DATE = {1992},
  JOURNALTITLE = {Journal of Invertebrate Pathology},
  NUMBER = {1},
  PAGES = {61--68},
  TITLE = {Oryctes Rhinoceros ({{Coleoptera}}: {{Scarabaeidae}}) Populations Suppressed by a Baculovirus},
  VOLUME = {59},
}

@ARTICLE{b._zelazny_possibility_1989,
  AUTHOR = {B. Zelazny, A. R. Alfiler and A. Lolong},
  DATE = {1989},
  FILE = {/home/aubrey/Zotero/storage/JGZI6CK6/FAOPlantProtBull_1989_37_p77-82.pdf},
  JOURNALTITLE = {FAO Plant Protection Bull.},
  NUMBER = {2},
  PAGES = {77--82},
  TITLE = {Possibility of Resistance to a Baculovirus in Populations of the Coconut Rhinoceros Beetle, {{Oryctes}} Rhinoceros},
  VOLUME = {37},
}

@ARTICLE{b.zelazny_studies_1972,
  AUTHOR = {B.Zelazny},
  DATE = {1972},
  JOURNALTITLE = {Journal of Invertebrate Pathology},
  NUMBER = {3},
  PAGES = {235--241},
  TITLE = {Studies on {{Rhabdionvirus}} Oryctes: {{I}}. {{Effect}} on {{Larvae}} of {{Oryctes}} Rhinoceros and Inactivation of the Virus},
  VOLUME = {20},
}

@ARTICLE{bedford_advances_2014-1,
  AUTHOR = {Bedford, G O},
  DATE = {2014},
  FILE = {/home/aubrey/Zotero/storage/NSARMTWU/joprv26sep2014-geoffrey1.pdf},
  JOURNALTITLE = {Journal of Oil Palm Research},
  KEYWORDS = {angiosperms,animal viruses,animals,APEC countries,Arecaceae,Arecales,arthropods,Ascomycota,ASEAN Countries,Asia,biocontrol,biocontrol agents,biological control,biological control agents,biological control organisms,Clavicipitaceae,Coleoptera,Commonwealth of Nations,Developing Countries,Elaeis,entomogenous fungi,entomopathogenic fungi,entomopathogens,eukaryotes,fungi,fungus,Hexapoda,Hypocreales,insect control,insect pests,insect traps,insect viruses,insects,integrated pest management,invertebrates,IPM,Malaysia,Metarhizium,Metarhizium anisopliae,monocotyledons,natural enemies,oil palms,Oryctes (Coleoptera),Oryctes rhinoceros,pathogens,pest control,pest insects,Pezizomycotina,pheromone traps,plant pests,plants,Scarabaeidae,sex attractant traps,Sordariomycetes,South East Asia,Spermatophyta,Threshold Countries,virulence,viruses,viruses of insects},
  NUMBER = {3},
  PAGES = {183--194},
  TITLE = {Advances in the Control of Rhinoceros Beetle, {{Oryctes}} Rhinoceros in Oil Palm.},
  URL = {http://jopr.mpob.gov.my},
  VOLUME = {26},
}

@ARTICLE{bedford_biological_1986,
  AUTHOR = {Bedford, G O},
  DATE = {1986},
  FILE = {/home/aubrey/Zotero/storage/57KE2RW2/Bedford - 1986 - Biological control of the rhinoceros beetle (Oryctes rhinoceros) in the South Pacific by baculovirus.pdf},
  JOURNALTITLE = {Agriculture, Ecosystems and Environment},
  PAGES = {141--147},
  TITLE = {Biological Control of the Rhinoceros Beetle ({{Oryctes}} Rhinoceros) in the {{South Pacific}} by Baculovirus},
  VOLUME = {15},
}

@ARTICLE{bedford_biology_1980,
  AUTHOR = {Bedford, Geoffrey O},
  DATE = {1980},
  FILE = {/home/aubrey/Zotero/storage/WDTP47TJ/Bedford - 1980 - Biology, ecology, and control of palm rhinoceros beetles.pdf},
  JOURNALTITLE = {Annual Review of Entomology},
  PAGES = {309--339},
  TITLE = {Biology, Ecology, and Control of Palm Rhinoceros Beetles},
  VOLUME = {25},
}

@ARTICLE{bedford_biology_2010,
  AUTHOR = {Bedford, Geoffrey O.},
  DATE = {2010},
  DOI = {10.1146/annurev-ento-120710-100547},
  FILE = {/home/aubrey/Zotero/storage/FATP257T/Bedford - 2013 - Biology and management of palm dynastid beetles recent advances.pdf},
  ISSN = {0066-4170},
  JOURNALTITLE = {Annual Review of Entomology},
  KEYWORDS = {Metarhizium,nudivirus,oryctes,palms,pheromone,scapanes},
  NUMBER = {1},
  PAGES = {110301095920015--110301095920015},
  TITLE = {Biology, {{Ecology}}, and {{Management}} of {{Palm Dynastid Beetles}}},
  VOLUME = {57},
}

@ARTICLE{bedford_biology_2013,
  AUTHOR = {Bedford, Geoffrey O},
  DATE = {2013-01},
  DOI = {10.1146/annurev-ento-120710-100547},
  EPRINT = {23317044},
  EPRINTTYPE = {pubmed},
  FILE = {/home/aubrey/Zotero/storage/N6Q2UMTE/Bedford - 2013 - Biology and Management of Palm Dynastid Beetles Recent Advances.pdf},
  JOURNALTITLE = {Annual review of entomology},
  KEYWORDS = {animals,Arecaceae,Beetles,Beetles: microbiology,Beetles: physiology,Beetles: virology,DNA Viruses,DNA Viruses: physiology,Herbivory,insect control,Insect Control: methods,Metarhizium,Metarhizium: physiology,nudivirus,oryctes,palms,pheromone,Pheromones,Pheromones: metabolism,scapanes,Species Specificity},
  PAGES = {353--72},
  TITLE = {Biology and Management of Palm Dynastid Beetles: Recent Advances.},
  VOLUME = {58},
}

@ARTICLE{bedford_experiments_1973,
  AUTHOR = {Bedford, G O},
  DATE = {1973},
  FILE = {/home/aubrey/Zotero/storage/DDXQSH4V/Bedford - 1973 - Experiments Coconut Palm with the Virus Rhabdionvirus oryctes against and the Scapanes Rhinoceros Beetles australis gro.pdf},
  JOURNALTITLE = {Journal of Invertebrate Pathology},
  PAGES = {70--74},
  TITLE = {Experiments {{Coconut Palm}} with the {{Virus Rhabdionvirus}} Oryctes against and the {{Scapanes Rhinoceros Beetles}} Australis Grossepunctafus {{Oryctes}} Rhinoceros in {{New Guinea}}},
  VOLUME = {22},
}

@ARTICLE{bedford_g._o._long-term_2013,
  AUTHOR = {Bedford, G. O.},
  DATE = {2013},
  FILE = {/home/aubrey/Zotero/storage/JESZCQBS/Bedford,G. O. 2013.pdf},
  JOURNALTITLE = {African J. Agricultural Research},
  NUMBER = {49},
  PAGES = {6422--6425},
  TITLE = {Long-Term Reduction in Damage by Rhinoceros Beetle {{Oryctes}} Rhinoceros ({{L}}.) ({{Coleoptera}}: {{Scarabaeidae}}: {{Dynastinae}}) to Coconut Palms at {{Oryctes}} Nudivirus Release Sites on {{Viti Levu}}, {{Fiji}}},
  VOLUME = {8},
}

@ARTICLE{bedford_observations_1968,
  AUTHOR = {Bedford, G. O.},
  DATE = {1968},
  DOI = {10.1017/S0007485300055887},
  FILE = {/home/aubrey/Zotero/storage/5W244MMD/S0007485300055887a.pdf},
  JOURNALTITLE = {Bulletin of Entomological Research},
  NUMBER = {01},
  PAGES = {83--83},
  TITLE = {Observations on the Ecology of {{Oryctes}} ({{Coleoptera}}: {{Scarabaeidae}}: {{Dynastinae}}) in {{Madagascar}}},
  VOLUME = {58},
}

@ARTICLE{bedford_trap_1975,
  AUTHOR = {Bedford, Geoffrey O},
  DATE = {1975},
  FILE = {/home/aubrey/Zotero/storage/EGZJSJ6B/Bedford - 1975 - Trap catches of the coconut rhinoceros beetle Oryctes rhinoceros (L.) (Coleoptera, Scarabaeidae, Dynastinae) in New Bri.pdf},
  JOURNALTITLE = {Bulletin of Entomological Research},
  PAGES = {443--451},
  TITLE = {Trap Catches of the Coconut Rhinoceros Beetle {{Oryctes}} Rhinoceros ({{L}}.) ({{Coleoptera}}, {{Scarabaeidae}}, {{Dynastinae}}) in {{New Britain}}},
  URL = {http://www.guaminsects.net/CRB/docs/Bedford 1975 Trap catches of the coconut rhinoceros beetle Oryctes rhinoceros.pdf},
  VOLUME = {65},
}

@ARTICLE{bedford*_observations_1976,
  AUTHOR = {Bedford*, G. O. and BEDFORD, G O and Bedford*, G. O.},
  DATE = {1976},
  DOI = {10.1111/j.1440-6055.1976.tb01701.x},
  FILE = {/home/aubrey/Zotero/storage/QSIM393F/j.1440-6055.1976.tb01701.x.pdf},
  JOURNALTITLE = {Australian Journal of Entomology},
  NUMBER = {3},
  PAGES = {241--251},
  TITLE = {{{OBSERVATIONS ON THE BIOLOGY AND ECOLOGY OF ORYCTES RHINOCEROS AND SCAPANES AUSTRALIS}} ({{COLEOPTERA}}: {{SCARABAEIDAE}}: {{DYNASTINAE}}): {{PESTS OF COCONUT PALMS IN MELANESIA}}},
  URL = {http://dx.doi.org/10.1111/j.1440-6055.1976.tb01701.x},
  VOLUME = {15},
}

@ARTICLE{benedict_assessment_nodate,
  AUTHOR = {Benedict, Melemalt},
  FILE = {/home/aubrey/Zotero/storage/UD3ZLPHT/Benedict - Assessment of Coconut Rhinoceros Beetle Damage and.pdf},
  LANGID = {english},
  PAGES = {1},
  TITLE = {Assessment of {{Coconut Rhinoceros Beetle Damage}} and {{Resistance}} in the {{Palau Archipelago}}},
}

@ARTICLE{bernhardzelazny_transmission_1976,
  AUTHOR = {Zelazny, Bernhard},
  DATE = {1976},
  JOURNALTITLE = {Journal of Invertebrate Pathology},
  NUMBER = {2},
  PAGES = {221--227},
  TITLE = {Transmission of a Baculovirus in Populations of {{Oryctes}} Rhinoceros},
  VOLUME = {27},
}

@ARTICLE{blas_lavandero_need_2004,
  AUTHOR = {Blas Lavandero, James Hagler and Steve Wratten, Mark Jervis},
  DATE = {2004},
  JOURNALTITLE = {International Journal of Pest Management},
  NUMBER = {3},
  PAGES = {147--151},
  TITLE = {The Need for Effective Marking and Tracking Techniques for Monitoring the Movements of Insect Predators and Parasitoids},
  VOLUME = {50},
}

@THESIS{brandi-leigh_h._adams_analysis_2019,
  AUTHOR = {Brandi-Leigh H. Adams},
  DATE = {2019},
  FILE = {/home/aubrey/Zotero/storage/3Q5G5KNU/Adams_hawii_0085O_10232.pdf},
  INSTITUTION = {{University of Hawaii}},
  LANGID = {english},
  PAGETOTAL = {91},
  TITLE = {{{ANALYSIS AND DEVELOPMENT OF MANAGEMENT TOOLS FOR ORYCTES RHINOCEROS}} ({{COLEOPTERA}}: {{SCARABAEIDAE}})},
  TYPE = {Masters Thesis},
}

@ARTICLE{campbell_feral_2005,
  AUTHOR = {Campbell, Karl and Donlan, C. Josh},
  DATE = {2005},
  DOI = {10.1111/j.1523-1739.2005.00228.x},
  FILE = {/home/aubrey/Zotero/storage/QURF8EBI/Campbell&Donlan2005.pdf},
  ISSN = {0888-8892},
  JOURNALTITLE = {Conservation Biology},
  KEYWORDS = {Capra hircus,Conservation action,Eradication techniques,Introduced species,Invasive species,Island restoration,Nonnative species},
  NUMBER = {5},
  PAGES = {1362--1374},
  TITLE = {Feral Goat Eradications on Islands},
  URL = {https://www.researchgate.net/publication/227629602_Feral_Goat_Eradications_on_Islands},
  VOLUME = {19},
}

@ARTICLE{catley_coconut_1969,
  AUTHOR = {Catley, A},
  DATE = {1969},
  DOI = {10.1080/04345546909415075},
  FILE = {/home/aubrey/Zotero/storage/TE9TAU9J/Catley 1969.pdf},
  ISSN = {0434554690941},
  JOURNALTITLE = {International Journal of Pest Management: Part A},
  NUMBER = {1},
  PAGES = {18--30},
  TITLE = {The Coconut Rhinoceros Beetle {{Oryctes}} Rhinoceros ({{L}})},
  VOLUME = {15},
}

@ARTICLE{chakravarthy_efficacy_2014,
  AUTHOR = {Chakravarthy, a. K. and Chandrashekharaiah, M. and Kandakoor, Subhash B. and Nagaraj, D. N.},
  DATE = {2014},
  FILE = {/home/aubrey/Zotero/storage/NS8ZMKCH/paper_05.pdf},
  JOURNALTITLE = {Journal of Environmental Biology},
  KEYWORDS = {Aggregation pheromone,Olfactometer,Red palm weevil,Rhinoceros beetle},
  NUMBER = {3},
  PAGES = {479--484},
  TITLE = {Efficacy of Aggregation Pheromone in Trapping Red Palm Weevil ({{Rhynchophorus}} Ferrugineus {{Olivier}}) and Rhinoceros Beetle ({{Oryctes}} Rhinoceros {{Linn}}.) from Infested Coconut Palms},
  VOLUME = {35},
}

@ARTICLE{chung_gait_fee_bioefficacy_1997,
  AUTHOR = {Chung, Gait Fee},
  DATE = {1997},
  JOURNALTITLE = {Planter},
  NUMBER = {852},
  PAGES = {119--127},
  TITLE = {The Bioefficacy of the Aggregation Pheromone in Mass Trapping of Rhinoceros Beetles ({{Oryctes}} Rhinoceros {{L}}.) in {{Malaysia}}.},
  VOLUME = {73},
}

@ARTICLE{cik_mohd_rizuan_zainal_abidin_population_2014,
  AUTHOR = {CIK MOHD RIZUAN ZAINAL ABIDIN, ABU HASSAN AHMAD and HASBER SALIM, NOOR HISHAM HAMID},
  DATE = {2014},
  FILE = {/home/aubrey/Zotero/storage/USHSME3T/CIK MOHD RIZUAN ZAINAL ABIDIN et al 2014.pdf},
  JOURNALTITLE = {Journal of oil Palm Research},
  NUMBER = {2},
  PAGES = {140--145},
  TITLE = {{{POPULATION DYNAMICS OF Oryctes}} Rhinoceros {{IN DECOMPOSING OIL PALM TRUNKS IN AREAS PRACTISING ZERO BURNING AND PARTIAL BURNING}}},
  VOLUME = {26},
}

@ONLINE{clark_economic_2016,
  AUTHOR = {Clark, Larry},
  DATE = {2016},
  FILE = {/home/aubrey/Zotero/storage/S49FKT9M/the-economic-case-for-invasive-brown-tree-snake-management.html},
  LANGID = {american},
  TITLE = {The Economic Case for Invasive Brown Tree Snake Management | {{THE WILDLIFE SOCIETY}}]},
  URL = {https://wildlife.org/the-economic-case-for-invasive-brown-tree-snake-management/},
  URLDATE = {2020-02-24},
}

@ARTICLE{corey_c._holt_frst_2019,
  AUTHOR = {Corey C. Holt, Michelle Stone and David Bass, Kelly S. Bateman and Ronny van Aerle 1, Carly L. Daniels and Mark van der Giezen, Stuart H. Ross and Chantelle Hooper1, Grant D. Stentiford},
  DATE = {2019},
  FILE = {/home/aubrey/Zotero/storage/DJXE53JG/Nudivirus in clawed lobster.pdf},
  JOURNALTITLE = {Nature Scientific Reports},
  PAGES = {15 pages},
  TITLE = {The Frst Clawed Lobster Virus {{Homarus}} Gammarus Nudivirus ({{HgNV}} n. Sp.) Expands the Diversity of the {{Nudiviridae}}},
  VOLUME = {9},
}

@REPORT{crawford_detection_nodate,
  AUTHOR = {Crawford, Allan M},
  FILE = {/home/aubrey/Zotero/storage/ZE87923A/Crawford - Unknown - Detection of baculovirus infection in rhinoceros beetle (Oryctes rhinoceros) and the purification and identificatio.pdf},
  PAGES = {120--141},
  TITLE = {Detection of Baculovirus Infection in Rhinoceros Beetle ({{Oryctes}} Rhinoceros) and the Purification and Identification of Virus Strains},
}

@ARTICLE{crawford_engineering_1989,
  AUTHOR = {Crawford, a M},
  DATE = {1989-04},
  EPRINT = {2659730},
  EPRINTTYPE = {pubmed},
  FILE = {/home/aubrey/Zotero/storage/6GFUSHMS/Crawford - 1989 - Engineering of an Oryctes baculovirus recombinant insertion of the polyhedrin gene from the Autographa californica nuc.pdf},
  JOURNALTITLE = {The Journal of general virology},
  KEYWORDS = {animals,Beetles,Blotting; Northern,Blotting; Southern,Cell Line,DNA; Viral,DNA; Viral: analysis,DNA; Viral: genetics,Genetic Vectors,insect viruses,Insect Viruses: genetics,Nucleic Acid Hybridization,Plasmids,Restriction Mapping,RNA; Viral,RNA; Viral: analysis,Transfection,Viral Proteins,Viral Proteins: genetics,Viral Structural Proteins},
  PAGES = {1017--24},
  TITLE = {Engineering of an {{Oryctes}} Baculovirus Recombinant: Insertion of the Polyhedrin Gene from the {{Autographa}} Californica Nuclear Polyhedrosis Virus.},
  VOLUME = {70 ( Pt 4)},
}

@ARTICLE{crawford_oryctes_1984,
  AUTHOR = {Crawford, Allan M},
  DATE = {1984},
  FILE = {/home/aubrey/Zotero/storage/4C9V9NTV/Crawford - 1984 - An Oryctes rhinoceros ( L .) ( Coleoptera Scarabaeidae ) Baculovirus Inoculum Derived from Tissue Culture.pdf},
  JOURNALTITLE = {Journal of Economic Entomology},
  PAGES = {1982--1983},
  TITLE = {An {{Oryctes}} Rhinoceros ( {{L}} .) ( {{Coleoptera}} : {{Scarabaeidae}} ) {{Baculovirus Inoculum Derived}} from {{Tissue Culture}}},
  VOLUME = {77},
}

@ARTICLE{crawford_oryctes_1985,
  AUTHOR = {Crawford, Allan M},
  DATE = {1985},
  FILE = {/home/aubrey/Zotero/storage/U4FLZX2J/Crawford et al - 1985.pdf},
  JOURNALTITLE = {Proceedings of the 4th Australasian Conference on grassland invertebrate ecology},
  PAGES = {224--227},
  TITLE = {Oryctes Baculovirus Infectivity for {{New Zealand}} Scarabs},
  URL = {http://guaminsects.myspecies.info/sites/guaminsects.myspecies.info/files/Crawford%20et%20al%20-%201985.pdf},
  URLDATE = {2019-06-22},
}

@ARTICLE{dara_m._wald_role_2018,
  AUTHOR = {DARA M. WALD, KIMBERLY A. NELSON and ANN MARIE GAWEL, HALDRE S. ROGERS},
  DATE = {2018},
  FILE = {/home/aubrey/Zotero/storage/SWSRBSM8/The Role of Trust in Public Attitudes toward Invasive Species Man.pdf},
  JOURNALTITLE = {Iowa State University Summer Symposium on Science Communication: 2018: Understanding the Role of Trust and Credibility in Science Communication},
  TITLE = {The {{Role}} of {{Trust}} in {{Public Attitudes}} toward {{Invasive Species Management}} on {{Guam}}: {{A Case Study}}},
}

@ARTICLE{darus_intensive_2000,
  AUTHOR = {Darus, Ariffin and Wahid, Mohd Basri},
  DATE = {2000},
  FILE = {/home/aubrey/Zotero/storage/VHP3FMKH/Darus, Wahid - Unknown - Intensive IPM for management of oil palm pests.pdf},
  JOURNALTITLE = {Oil Palm Bulletin},
  PAGES = {1--14},
  TITLE = {Intensive {{IPM}} for Management of Oil Palm Pests},
  URL = {http://www.guaminsects.net/CRB/docs/Darus IPM for management of oil palm pests MALAY.pdf},
  VOLUME = {41},
}

@BOOK{darwin_ascent_1871,
  AUTHOR = {Darwin, Charles},
  DATE = {1871},
  EDITION = {1},
  LOCATION = {{London}},
  PUBLISHER = {{John Murray}},
  TITLE = {The {{Ascent}} of {{Man}}, and {{Selection}} in {{Relation}} to {{Sex}}},
  URL = {http://darwin-online.org.uk/pdf/1871\{_\}Descent\{_\}F937.1.pdf},
  VOLUME = {1},
}

@ARTICLE{david_w._williams_tracking_2004,
  AUTHOR = {DAVID W. WILLIAMS, GUOHONG LI and RUITONG GAO},
  DATE = {2004},
  FILE = {/home/aubrey/Zotero/storage/7E88GW5F/Tracking movements of Cerambycidae.pdf},
  JOURNALTITLE = {Environ. Entomol.},
  NUMBER = {3},
  PAGES = {644--649},
  TITLE = {Tracking {{Movements}} of {{Individual Anoplophora}} Glabripennis ({{Coleoptera}}: {{Cerambycidae}}) {{Adults}}: {{Application}} of {{Harmonic Radar}}},
  VOLUME = {33},
}

@ARTICLE{davidson_environmental_1972,
  AUTHOR = {Davidson, R L and Wiseman, J R and Wolfe, V J and Journal, The and Dec, No},
  DATE = {1972},
  FILE = {/home/aubrey/Zotero/storage/KT5MA5SP/Davidson et al. - 1972 - Environmental Stress in the Pasture Scarab Sericesthis nigrolineata Boisd . I . Mortality in Larvae Caused by H.pdf},
  NUMBER = {3},
  PAGES = {783--797},
  TITLE = {Environmental {{Stress}} in the {{Pasture Scarab Sericesthis}} Nigrolineata {{Boisd}} . {{I}} . {{Mortality}} in {{Larvae Caused}} by {{High Temperature}}},
  VOLUME = {9},
}

@ARTICLE{dhondt_effect_nodate,
  AUTHOR = {Dhondt, Andre A and Mcgovern, T P and Beroza, Morton},
  FILE = {/home/aubrey/Zotero/storage/CZJDUP55/Dhondt, Mcgovern, Beroza - Unknown - Effect of Juvenile Hormone Mimics on the Coconut Rhinoceros Beetle.pdf},
  JOURNALTITLE = {Journal of Economic Entomology},
  PAGES = {427-428(2)},
  TITLE = {Effect of {{Juvenile Hormone Mimics}} on the {{Coconut Rhinoceros Beetle}}},
  URL = {http://www.ingentaconnect.com/content/esa/jee/1976/00000069/00000004/art00002},
  VOLUME = {69},
}

@ARTICLE{dimitris_psychoudakis_portable_2008,
  AUTHOR = {Dimitris Psychoudakis, William Moulder and Chi-Chih Chen,, Heping Zhu and John L. Volakis},
  DATE = {2008},
  FILE = {/home/aubrey/Zotero/storage/3SZ9SVTB/A portable low-power harmonic radar.pdf},
  JOURNALTITLE = {IEEE ANTENNAS AND WIRELESS PROPAGATION LETTERS},
  PAGES = {444--447},
  TITLE = {A {{Portable Low}}-{{Power Harmonic Radar System}} and {{Conformal Tag}} for {{Insect Tracking}}},
  VOLUME = {7},
}

@ARTICLE{doane_how_1913,
  AUTHOR = {Doane, R W},
  DATE = {1913-12},
  DOI = {10.1126/science.38.990.883},
  EPRINT = {17752421},
  EPRINTTYPE = {pubmed},
  FILE = {/home/aubrey/Zotero/storage/6IIQH5H4/Doane - 1913 - How Oryctes Rhinoceros, a Dynastid Beetle, Uses Its Horn.pdf},
  JOURNALTITLE = {Science},
  NUMBER = {990},
  PAGES = {883--883},
  TITLE = {How {{Oryctes Rhinoceros}}, a {{Dynastid Beetle}}, {{Uses Its Horn}}.},
  VOLUME = {38},
}

@ARTICLE{dolinski_microbial_2007,
  AUTHOR = {Dolinski, Claudia and Lacey, Lawrence A},
  DATE = {2007},
  FILE = {/home/aubrey/Zotero/storage/5G4ZGBDU/Dolinski, Lacey - 2007 - Microbial control of arthropod pests of tropical tree fruits.pdf},
  JOURNALTITLE = {Neotropical Entomology},
  NUMBER = {2},
  PAGES = {161--179},
  TITLE = {Microbial Control of Arthropod Pests of Tropical Tree Fruits},
  URL = {http://www.scielo.br/pdf/ne/v36n2/a01v36n2.pdf},
  VOLUME = {36},
}

@ARTICLE{dyah_rini_indriyanti_density_2017,
  AUTHOR = {Dyah Rini Indriyanti, Siska Dewi Anggraeni and Muji Slamet},
  DATE = {2017},
  FILE = {/home/aubrey/Zotero/storage/XZF7JW2T/Dyah Rini Indriyanti et al. 2017.pdf},
  JOURNALTITLE = {Journal of Engineering and Applied Sciences},
  NUMBER = {22},
  TITLE = {{{DENSITY AND COMPOSITION OF Oryctes Rhinoceros}} ({{COLEOPTERA}}: {{SCARABAEIDAE}}) {{STADIA}} {{IN FIELD}}},
  VOLUME = {12},
}

@ARTICLE{e._t._cant1_tracking_2005,
  AUTHOR = {E. T. Cant1, A. D. Smith and D. R. Reynolds, J. L. Osborne},
  DATE = {2005},
  FILE = {/home/aubrey/Zotero/storage/9ZUKQ74S/Tracking butterfly flight paths with harmonic radar.pdf},
  JOURNALTITLE = {Proc. R. Soc. B},
  PAGES = {785--790},
  TITLE = {Tracking Butterfly Flight Paths across the Landscape with Harmonic Radar},
  VOLUME = {272},
}

@ARTICLE{e.c._young_rhinoceros_1986,
  AUTHOR = {E.C. YOUNG},
  DATE = {1986},
  FILE = {/home/aubrey/Zotero/storage/EWQ4GWZW/E.C. Young 1986.pdf},
  JOURNALTITLE = {Agriculture, Ecosystems and Environment},
  PAGES = {149--166},
  TITLE = {{{THE RHINOCEROS BEETLE PROJECT}}: {{HISTORY AND REVIEW OF THE RESEARCH PROGRAMME}}.},
  VOLUME = {15},
}

@ARTICLE{e.c.young_epizootiology_1974,
  AUTHOR = {E.C.Young},
  DATE = {1974},
  JOURNALTITLE = {Journal of Invertebrate Pathology},
  NUMBER = {1},
  PAGES = {82--92},
  TITLE = {The Epizootiology of Two Pathogens of the Coconut Palm Rhinoceros Beetle},
  VOLUME = {24},
}

@ARTICLE{ero_m._m._detection_2016,
  AUTHOR = {Ero, M. M., S., Sar and Kawi, A., D., Tenakanai and Gende, P., L. J. G., Bonneau},
  DATE = {2016},
  JOURNALTITLE = {Planter},
  NUMBER = {1089},
  PAGES = {883--891},
  TITLE = {Detection of the {{Guam}} Biotype ({{CRB}}-{{G}}) {{Oryctes}} Rhinoceros {{Linneaus}} ({{Coleoptera}}: {{Scarabaeidae}}) in {{Port Moresby}}, {{Papua New Guinea}}},
  VOLUME = {92},
}

@ARTICLE{etebari_complete_2020,
  AUTHOR = {Etebari, Kayvan and Filipović, Igor and Rašić, Gordana and Devine, Gregor J. and Tsatsia, Helen and Furlong, Michael J.},
  DATE = {2020-01-13},
  DOI = {10.1016/j.virusres.2020.197864},
  FILE = {/home/aubrey/Zotero/storage/5A5ZVXXK/Etebari et al. - 2020 - Complete genome sequence of Oryctes rhinoceros nud.pdf;/home/aubrey/Zotero/storage/VFMVCYJR/S0168170219308123.html},
  ISSN = {0168-1702},
  JOURNALTITLE = {Virus Research},
  KEYWORDS = {Coconut Rhinoceros Beetles,Genome,Oryctes nudivirus (species ),Oxford Nanopore,Scarabaeidae,Solomon Islands,Technologies (ONT) sequencing},
  LANGID = {english},
  PAGES = {197864},
  SHORTJOURNAL = {Virus Research},
  TITLE = {Complete Genome Sequence of {{Oryctes}} Rhinoceros Nudivirus Isolated from the Coconut Rhinoceros Beetle in {{Solomon Islands}}},
  URL = {http://www.sciencedirect.com/science/article/pii/S0168170219308123},
  URLDATE = {2020-01-22},
}

@ARTICLE{f._l._vanderplank_assassin_1958,
  AUTHOR = {F. L. VANDERPLANK},
  DATE = {1958},
  JOURNALTITLE = {Journal Ent. Soc. S. Africa},
  NUMBER = {2},
  TITLE = {The Assassin Bug) {{Platymerus}} Rhadamanthus {{Gerst}} ({{Hemiptera}}: {{Reduviidae}}») a Useful Predator of the Rhinoceros Beetles {{Oryctes}} Boas ({{F}}.) and {{Oryctes}} Monoceros ({{Oliv}}.). ({{Coleoptera}}: {{Scarabaeidae}}).},
  VOLUME = {21},
}

@ARTICLE{fee_bioefficacy_1997,
  AUTHOR = {Fee, Chung Gait},
  DATE = {1997},
  FILE = {/home/aubrey/Zotero/storage/22KQI34B/Fee - 1997 - The bioefficacy of the aggregation pheromone in mass trapping of rhinoceros beetles (Oryctes rhinoceros L.) in Malaysia.pdf},
  JOURNALTITLE = {The Planter},
  NUMBER = {852},
  PAGES = {119--127},
  TITLE = {The Bioefficacy of the Aggregation Pheromone in Mass Trapping of Rhinoceros Beetles ({{Oryctes}} Rhinoceros {{L}}.) in {{Malaysia}}},
  URL = {http://www.guaminsects.net/CRB/docs/Fee 1997 aggregation pheromone in mass trapping of rhinoceros beetles.pdf},
  VOLUME = {73},
}

@ARTICLE{ferguson_temperature_2008,
  AUTHOR = {Ferguson, Denzel E and Land, James D},
  DATE = {2008},
  FILE = {/home/aubrey/Zotero/storage/T4VQUWPM/Ferguson, Land - 2008 - Some Temperature Studies on the Beetle , Popilius Disjunctus.pdf},
  NUMBER = {1},
  PAGES = {195--197},
  TITLE = {Some {{Temperature Studies}} on the {{Beetle}} , {{Popilius Disjunctus}}},
  VOLUME = {42},
}

@ARTICLE{g._boiteau_effectiveness_2009,
  AUTHOR = {G. BOITEAU, F. MELOCHE and C. VINCENT, T. C. LESKEY},
  DATE = {2009},
  FILE = {/home/aubrey/Zotero/storage/M3A4DBWM/Effectiveness of glues used for harmonic radar.pdf},
  JOURNALTITLE = {Environ. Entomol.},
  NUMBER = {1},
  PAGES = {168--175},
  TITLE = {Effectiveness of {{Glues Used}} for {{Harmonic Radar Tag Attachment}} and {{Impact}} on {{Survival}} and {{Behavior}} of {{Three Insect Pests}}},
  VOLUME = {38},
}

@ARTICLE{g._boiteau_evaluation_2011,
  AUTHOR = {G. BOITEAU, C. VINCENT and F. MELOCHE, T. C. LESKEY and B. G. COLPITTS},
  DATE = {2011},
  FILE = {/home/aubrey/Zotero/storage/SGCE9ASZ/Evaluation of Tag entanglement.pdf},
  JOURNALTITLE = {Environ. Entomol.},
  NUMBER = {1},
  PAGES = {94--102},
  TITLE = {Evaluation of {{Tag Entanglement}} as a {{Factor}} in {{Harmonic Radar Studies}} of {{Insect Dispersal}}},
  VOLUME = {40},
}

@ARTICLE{g._boiteau_harmonic_2010,
  AUTHOR = {G. BOITEAU, C. VINCENT and F. MELOCHE, T. C. LESKEY},
  DATE = {2010},
  FILE = {/home/aubrey/Zotero/storage/R7NWMNSF/harmonic radar - assessing the impact.pdf},
  JOURNALTITLE = {JOURNAL OF ECONOMIC ENTOMOLOGY},
  NUMBER = {1},
  PAGES = {63--69},
  TITLE = {Harmonic {{Radar}}: {{Assessing}} the {{Impact}} of {{Tag Weight}} on {{Walking Activity}} of {{Colorado Potato Beetle}}, {{Plum Curculio}}, and {{Western Corn Rootworm}}},
  VOLUME = {103},
}

@ARTICLE{g._manjeri_oryctes_2014,
  AUTHOR = {G. Manjeri, R. Muhamad and Soon Guan Tan},
  DATE = {2014},
  FILE = {/home/aubrey/Zotero/storage/DVIHMQBR/Manjeri, G. et al 2014.pdf},
  JOURNALTITLE = {Ann. Rev. \& Res. Biology},
  NUMBER = {22},
  PAGES = {3429--3439},
  TITLE = {Oryctes Rhinoceros {{Beetles}}, an {{Oil Palm Pest}} in {{Malaysia}}},
  VOLUME = {4},
}

@ARTICLE{gabor_l._lovei_harmonic_1997,
  AUTHOR = {Gabor L. Lovei, Ian A. N. Stringer and Chris D. Devine, Marc Cartellieri},
  DATE = {1997},
  FILE = {/home/aubrey/Zotero/storage/223NZKF5/harmonic radar - A method.pdf},
  JOURNALTITLE = {NEW ZEALAND JOURNAL OF ECOLOGY},
  NUMBER = {2},
  PAGES = {187--193},
  TITLE = {{{HARMONIC RADAR}} - {{A METHOD USING INEXPENSIVE TAGS TO STUDY INVERTEBRATE MOVEMENT ON LAND}}},
  VOLUME = {21},
}

@ARTICLE{geoffrey_o._bedford_possibility_2018,
  AUTHOR = {Geoffrey O. Bedford},
  DATE = {2018},
  FILE = {/home/aubrey/Zotero/storage/TKXQQE57/Possibility of Evolution in Culture of the Oryctes.pdf},
  JOURNALTITLE = {Advances in Entomology},
  PAGES = {27--33},
  TITLE = {Possibility of {{Evolution}} in {{Culture}} of the {{Oryctes Nudivirus}} of the {{Coconut Rhinoceros Beetle Oryctes}} Rhinoceros ({{Coleoptera}}: {{Scarabaeidae}}: {{Dynastinae}})},
  VOLUME = {6},
}

@ARTICLE{golabi_draft_2009,
  AUTHOR = {Golabi, Mohammad and Moore, Aubrey and Quitugua, Roland and Das, K C},
  DATE = {2009},
  FILE = {/home/aubrey/Zotero/storage/ZHSB66XJ/Guam Large-Scale Composting.pdf},
  TITLE = {Draft {{Proposal}}: {{Development}} of {{Large Scale Composting}} of {{Green Waste}} on {{Guam}}},
  URL = {http://guaminsects.net/anr/sites/default/files/Guam Large-Scale Composting.pdf},
}

@ARTICLE{gopal_microbial_2002,
  AUTHOR = {Gopal, Murali and Gupta, Alka and Sathiamma, B. and Nair, C. P R and Thomas, George V},
  DATE = {2002},
  DOI = {10.1023/A:1015540625298},
  FILE = {/home/aubrey/Zotero/storage/352RCH87/Gopal, Gupta, Thomas - 2002 - Microbial pathogens of the coconut pest Oryctes rhinoceros influence of weather factors on their infectivi.pdf;/home/aubrey/Zotero/storage/6WWJJECK/Microbial pathogens of the coconut pest Oryctes rhinoceros- influence of weather factors on their infectivity and study of their coincidental ecology in Kerala, India.pdf},
  JOURNALTITLE = {World Journal of Microbiology and Biotechnology},
  KEYWORDS = {Abiotic factors,Coconut palm,coconut rhinoceros beetle,Influencing infectivity,Metarhizium anisopliae,Microbial pathogens,Oryctes rhinoceros,Oryctes virus,Pseudornonas alcaligenes},
  NUMBER = {5},
  PAGES = {417--421},
  TITLE = {Microbial Pathogens of the Coconut Pest {{Oryctes}} Rhinoceros: Influence of Weather Factors on Their Infectivity and Study of Their Coincidental Ecology in {{Kerala}}, {{India}}},
  URL = {http://www.guaminsects.net/CRB/docs/Gopal 2002 pathogens Oryctes weather.pdf},
  VOLUME = {18},
}

@ARTICLE{gopal_prospects_2006,
  AUTHOR = {Gopal, Murali and Gupta, Alka and Thomas, George V},
  DATE = {2006},
  FILE = {/home/aubrey/Zotero/storage/NSHMHNHI/Gopal, Gupta, Thomas - 2006 - Prospects of using Metarhizium anisopliae to check the breeding of insect pest, Oryctes rhinoceros L. in c.pdf},
  JOURNALTITLE = {Bioresource Technology},
  PAGES = {1801--1806},
  TITLE = {Prospects of Using {{Metarhizium}} Anisopliae to Check the Breeding of Insect Pest, {{Oryctes}} Rhinoceros {{L}}. in Coconut Leaf Vermicomposting Sites},
  URL = {http://www.guaminsects.net/CRB/docs/Gopal 2006 using Metarhizium anisopliae to check the breeding of insect pest, Oryctes rhinoceros L. in coconut leaf vermicomposting sites�.pdf},
  VOLUME = {97},
}

@ARTICLE{gorick_release_1980,
  AUTHOR = {Gorick, B D},
  DATE = {1980},
  FILE = {/home/aubrey/Zotero/storage/JTWHR9WE/Gorick - 1980 - Release and establishment of the baculovirus disease of Oryctes rhinoceros (L.) (Coleoptera Scarabaeidae) in Papua New G.pdf},
  JOURNALTITLE = {Bulletin of Entomological Research},
  PAGES = {445--453},
  TITLE = {Release and Establishment of the Baculovirus Disease of {{Oryctes}} Rhinoceros ({{L}}.) ({{Coleoptera}}: {{Scarabaeidae}}) in {{Papua New Guinea}}},
  URL = {http://www.guaminsects.net/CRB/docs/Gorick 1980 Release and establishment of the baculovirus disease of Oryctes rhinoceros.pdf},
  VOLUME = {70},
}

@ARTICLE{graillot_progressive_2014,
  AUTHOR = {Graillot, Benoit and Berling, Marie and Blachere-Lopez, Christine and Siegwart, Myriam and Besse, Samantha and Lopez-Ferber, Miguel},
  DATE = {2014},
  DOI = {10.3390/v6125135},
  FILE = {/home/aubrey/Zotero/storage/PN49Z4IF/Progressive Adaptation of a CpGV Isolate to Codling Moth Populations Resistant to CpGV-M.pdf},
  JOURNALTITLE = {Viruses},
  KEYWORDS = {biological control,Coddling moth,Cydia pomonella granulovirus,Resistance development},
  NUMBER = {12},
  PAGES = {5135--5144},
  TITLE = {Progressive Adaptation of a {{CpGV Isolate}} to Codling Moth Populations Resistant to {{CpGV}}-{{M}}},
  VOLUME = {6},
}

@MISC{grasela_guam_2020,
  AUTHOR = {Grasela, James and Moore, Aubrey},
  DATE = {2020},
  TITLE = {Guam {{CRB Biocontrol Project Technical Report}}: {{OrNV Transmission Experiment}}},
  URL = {https://github.com/aubreymoore/OrNV-Transmission/blob/master/ornv-transmission.pdf},
}

@REPORT{grasela_progress_2019,
  AUTHOR = {Grasela, James},
  DATE = {2019-09-29},
  INSTITUTION = {{University of Guam}},
  PAGES = {2},
  TITLE = {Progress in {{Bioassays}} of {{OrNV Isolates}} to {{Detect Biocontrol Candidates}} for {{CRB}}-{{G}}},
  URL = {https://github.com/aubreymoore/FB18-Report-2/raw/master/Grasela-September%202019%20Progress%20Report.pdf},
}

@MISC{grasela_technical_2020,
  AUTHOR = {Grasela, James J. and Moore, Aubrey},
  DATE = {2020},
  TITLE = {Technical {{Report}}: {{Polymerase Chain Reaction}} ({{PCR}}) {{Analysisi}} of the {{Coconut Rhinoceros Beetle}} ({{CRB}}), {{Oryctes}} Rhinoceros. {{Part}} 1.},
  URL = {https://github.com/aubreymoore/FY19-PPA-Report-1/blob/master/pcrdata/PCR-Summary-Part-1.pdf},
}

@ARTICLE{greg_dwyer_density_1994,
  AUTHOR = {GREG DWYER},
  DATE = {1994},
  FILE = {/home/aubrey/Zotero/storage/WZJ6KU4H/GREG DWYER, 1994.pdf},
  JOURNALTITLE = {The American Naturalist},
  NUMBER = {4},
  PAGES = {533-},
  TITLE = {{{DENSITY DEPENDENCE AND SPATIAL STRUCTURE IN THE DYNAMICS OF INSECT PATHOGENS}}},
  VOLUME = {143},
}

@REPORT{gressitt_coconut_1953,
  AUTHOR = {Gressitt, Linsley J},
  DATE = {1953},
  FILE = {/home/aubrey/Zotero/storage/RV9XAUGD/Gressitt - 1953 - The coconut rhinoceros beetle (Oryctes rhinoceros) with particular reference to the Palau Islands.pdf},
  LOCATION = {{Honolulu}},
  PAGES = {1--83},
  TITLE = {The Coconut Rhinoceros Beetle ({{Oryctes}} Rhinoceros) with Particular Reference to the {{Palau Islands}}},
  URL = {https://books.google.com/books?id=OtcZAQAAIAAJ},
}

@ARTICLE{gries_aggregation_1994,
  AUTHOR = {Gries, G and Gries, R and Perez, A. L. and Oehlschlager, A C and Gonzales, L M and H. D. Pierce, Jr and Zebeyou, M and Kouame, B and Naturforsch, Z},
  DATE = {1994},
  FILE = {/home/aubrey/Zotero/storage/I2EGDAR8/Gries et al. - 1994 - Aggregation pheromone of the African rhinoceros beetle, Oryctes monoceros (Olivier) (Coleoptera Scarabaeidae).pdf},
  JOURNALTITLE = {Verlag der Zeitschrift fur Naturforschung},
  NUMBER = {5-6},
  PAGES = {363--366},
  TITLE = {Aggregation Pheromone of the {{African}} Rhinoceros Beetle {{Oryctes}} Monoceros ({{Oliver}}) ({{Coleoptera}}: {{Scarabaeidae}})},
  URL = {http://www.guaminsects.net/CRB/docs/Gries 1994 aggregation pheromone African rhinoceros beetle.pdf},
  VOLUME = {49c},
}

@REPORT{guam_invasive_species_council_2017-2019_2017-1,
  AUTHOR = {{Guam Invasive Species Council}},
  DATE = {2017},
  FILE = {/home/aubrey/Zotero/storage/8YN7RRLG/Guam Invasive Species Council - 2017 - 2017-2019 Guam Invasive Species Management Plan.pdf},
  PAGES = {131},
  TITLE = {2017-2019 {{Guam Invasive Species Management Plan}}},
  URL = {https://www.sprep.org/attachments/VirLib/Guam/nissap-2017-2019.pdf},
}

@ARTICLE{hallett_hallett_1995,
  AUTHOR = {Hallett, Rebecca H and Perez, A L and Gries, G and Gries, R and H. D. Pierce, Jr and Yue, Junming and Oehlschlager, A C and Gonzales, L M and Borden, John H.},
  DATE = {1995},
  FILE = {/home/aubrey/Zotero/storage/SQQJ77VU/Hallett et al. - 1995 - Hallett 1995 aggregation pheromone coconut rhinoceros beetle oryctes.pdf.pdf},
  PAGES = {1549--1570},
  TITLE = {Hallett 1995 Aggregation Pheromone Coconut Rhinoceros Beetle Oryctes.Pdf},
}

@ARTICLE{hallett_pheromone_1999,
  AUTHOR = {Hallett, Rebecca H},
  DATE = {1999},
  FILE = {/home/aubrey/Zotero/storage/9DR32R8D/Hallett - 1999 - Pheromone Trapping Protocols for the Asian Palm Weevil, Rhynchophorus ferrugineus (Coleoptera Curculionidae).pdf},
  JOURNALTITLE = {International Journal of Pest Management},
  PAGES = {231--237},
  TITLE = {Pheromone {{Trapping Protocols}} for the {{Asian Palm Weevil}}, {{Rhynchophorus}} Ferrugineus ({{Coleoptera}}: {{Curculionidae}})},
  URL = {http://www.guaminsects.net/CRB/docs/Hallett 1999 Pheromone trapping protocols for the Asian palm weevil, Rhynchophorus ferrugineus.pdf},
}

@UNPUBLISHED{hara_efficacy_2017,
  AUTHOR = {Hara, A. H. and Manly, M. and Niino-DuPonte, R.},
  DATE = {2017},
  EVENTTITLE = {Enomological {{Society}} of {{America Pacific Branch Meeting}}},
  FILE = {/home/aubrey/Zotero/storage/WSB8U9PY/PBESAposterCRB 2017Portland.pdf},
  TITLE = {Efficacy of Bifenthrin in Reducing Feeding Damage Caused by Adult Coconut Rhinoceros Beetle ( {{Oryctes}} Rhinoceros) on Coconut Palms in {{Hawai}}`i},
  VENUE = {{Portland OR}},
}

@ARTICLE{hassan_effects_1975,
  AUTHOR = {Hassan, S T},
  DATE = {1975},
  FILE = {/home/aubrey/Zotero/storage/GFUQ47F3/Hassan - 1975 - Effects of high temperature and soil moisture on survival of first-instar larvae of the scarab Anoplognathus porosus ( D.pdf},
  JOURNALTITLE = {The Journal of Applied Ecology},
  NUMBER = {3},
  PAGES = {749--754},
  TITLE = {Effects of High Temperature and Soil Moisture on Survival of First-Instar Larvae of the Scarab {{Anoplognathus}} Porosus ( {{Dalman}} ) ( {{Coleoptera}} )},
  VOLUME = {12},
}

@ARTICLE{hinckley_associates_1967,
  AUTHOR = {Hinckley, Alden D},
  DATE = {1967},
  JOURNALTITLE = {Pacific Insects},
  NUMBER = {3},
  PAGES = {505--511},
  TITLE = {Associates of the Coconut Rhinoceros Beetle in {{Western Samoa}}},
  URL = {http://hbs.bishopmuseum.org/pi/pdf/9(3)-505.pdf},
  VOLUME = {9},
}

@ARTICLE{hinckley_ecology_1973,
  AUTHOR = {Hinckley, A Dexter},
  DATE = {1973},
  FILE = {/home/aubrey/Zotero/storage/FF5GXHCF/Hinckley - 1973 - Ecology of the Coconut Rhinoceros Beetle, Oryctes rhinoceros (L.) (Coleoptera Dynastidae).pdf},
  JOURNALTITLE = {Biotropica},
  NUMBER = {2},
  PAGES = {111--116},
  TITLE = {Ecology of the Coconut Rhinoceros Beetle , {{Oryctes}} Rhinoceros ( {{L}} .) ( {{Coleoptera}} : {{Dynastidae}} )},
  VOLUME = {5},
}

@ARTICLE{hochberg_model_1991,
  AUTHOR = {Hochberg, Me and Waage, Jk},
  DATE = {1991},
  FILE = {/home/aubrey/Zotero/storage/VKU2G6P5/MEHJap91.pdf},
  JOURNALTITLE = {Journal of applied ecology},
  NUMBER = {2},
  PAGES = {514--531},
  TITLE = {A Model for the Biological Control of {{Oryctes}} Rhinoceros({{Coleoptera}}: {{Scarabaeidae}}) by Means of Pathogens.},
  URL = {http://mike.hochberg.free.fr/MEHJap91.pdf},
  VOLUME = {28},
}

@ARTICLE{howard_insect_2001,
  AUTHOR = {Howard, Forrest W},
  DATE = {2001},
  FILE = {/home/aubrey/Zotero/storage/9WQ5CFKT/Howard - 2001 - Insect pests of palms and their control.pdf},
  JOURNALTITLE = {Pesticide Outlook},
  PAGES = {240--243},
  TITLE = {Insect Pests of Palms and Their Control},
  URL = {http://www.guaminsects.net/CRB/docs/Howard 2001 Insect pests of palms and their control.pdf},
  VOLUME = {December 2},
}

@ARTICLE{huger_oryctes_2005-1,
  AUTHOR = {Huger, Alois M.},
  DATE = {2005-05},
  DOI = {10.1016/j.jip.2005.02.010},
  FILE = {/home/aubrey/Zotero/storage/28IIZR7S/huger2005.pdf;/home/aubrey/Zotero/storage/BPS8TGFQ/Huger - 2005 - The Oryctes virus its detection, identification, and implementation in biological control of the coconut palm rhinoceros.pdf;/home/aubrey/Zotero/storage/ZQNTESID/Huger - 2005 - The Oryctes virus Its detection, identification, and implementation in biological control of the coconut palm rhinoceros.pdf},
  JOURNALTITLE = {Journal of Invertebrate Pathology},
  KEYWORDS = {20th Century,animals,Asia,Autonomous virus dissemination,Baculoviridae,Baculoviridae: classification,Baculoviridae: isolation & purification,Baculoviridae: physiology,Beetles,Beetles: virology,Biological,Biological: history,Classical biological control,Coconut palm rhinoceros beetle,Detection virus disease,History,Long-term virus persistence,Non-occluded insect virus,Oryctes rhinoceros,Pacific Islands,Pathology,pest control,Southeastern,Virus release},
  NUMBER = {1},
  PAGES = {78--84},
  TITLE = {The {{Oryctes}} Virus: {{Its}} Detection, Identification, and Implementation in Biological Control of the Coconut Palm Rhinoceros Beetle, {{Oryctes}} Rhinoceros ({{Coleoptera}}: {{Scarabaeidae}})},
  URL = {http://www.guaminsects.net/CRB/docs/Huger 2005 The Oryctes virus- Its detection, identification, and implementation in biological control of the coconut palm rhinoceros beetle.pdf},
  VOLUME = {89},
}

@ARTICLE{indriyanti_ecological_2018-1,
  AUTHOR = {Indriyanti, D. R. and Rahmawati, R. and Priyono, B. and Slamet, M. and Huyop, F. Z.},
  DATE = {2018-09-21},
  DOI = {10.15294/jpii.v7i3.14239},
  FILE = {/home/aubrey/Zotero/storage/C7VJLHAC/Indriyanti et al. - 2018 - Ecological Studies of Oryctes rhinoceros Larvae Co.pdf;/home/aubrey/Zotero/storage/HB482PK3/14239.html},
  ISSN = {2089-4392},
  JOURNALTITLE = {Jurnal Pendidikan IPA Indonesia},
  KEYWORDS = {application of Metarhizium anisopliae,biological control.,Enthomopatogenic Nematodes,Oryctes rhinoceros},
  LANGID = {english},
  NUMBER = {3},
  PAGES = {286--292},
  TITLE = {Ecological {{Studies}} of {{Oryctes}} Rhinoceros {{Larvae Controlled}} by {{Metarhizium}} Anisopliae and {{Enthomopatogenic Nematodes}}},
  URL = {https://journal.unnes.ac.id/nju/index.php/jpii/article/view/14239},
  URLDATE = {2019-04-16},
  VOLUME = {7},
}

@ARTICLE{indriyanti_effectiveness_2017,
  AUTHOR = {Indriyanti, D. R. and Widiyaningrum, P. and Haryuni and Slamet, M. and Maretta, Y.A.},
  DATE = {2017},
  DOI = {10.3923/pjbs.2017.320.327},
  FILE = {/home/aubrey/Zotero/storage/NVNR6SYK/Effectiveness of Metarhizium anisopliae and Entomo.pdf;/home/aubrey/Zotero/storage/X68FGIG3/abstract.html},
  JOURNALTITLE = {Pakistan Journal of Biological Sciences},
  NUMBER = {7},
  PAGES = {320--327},
  TITLE = {Effectiveness of {{Metarhizium}} Anisopliae and {{Entomopathogenic Nematodes}} to {{Control Oryctes}} Rhinoceros {{Larvae}} in the {{Rainy Season}}},
  URL = {https://scialert.net/abstract/?doi=pjbs.2017.320.327},
  URLDATE = {2020-02-07},
  VOLUME = {20},
}

@ARTICLE{j_r_riley_recent_2007,
  AUTHOR = {J R Riley, JW Chapman and D R Reynolds, A D Smith},
  DATE = {2007},
  FILE = {/home/aubrey/Zotero/storage/V8MXU99F/Rileyetal2006_OutlookPestManag_Review.pdf},
  JOURNALTITLE = {Outlooks on Pest Management},
  NUMBER = {2},
  PAGES = {62--68},
  TITLE = {{{RECENT APPLICATIONS OF RADAR TO ENTOMOLOGY}}},
  VOLUME = {18},
}

@ARTICLE{j._f._longworth_use_1980,
  AUTHOR = {J. F. LONGWORTH, G. P. CAREY},
  DATE = {1980},
  FILE = {/home/aubrey/Zotero/storage/2XSITFM8/J. F. LONGWORTH, G. P. CAREY 1980.pdf},
  JOURNALTITLE = {J. gen. Virol.},
  PAGES = {431--438},
  TITLE = {The {{Use}} of an {{Indirect Enzyme}}-Linked {{Irnmunosorbent Assay}} to {{Detect Baculovirus}} in {{Larvae}} and {{Adults}} of {{Oryctes}} Rhinoceros from {{Tonga}}},
  VOLUME = {47},
}

@ARTICLE{j._r._riley_harmonic_1998,
  AUTHOR = {J. R. Riley, P. Valeur and A. D. Smith, D. R. Reynolds and G. M. Poppy, C. Lofstedt},
  DATE = {1998},
  FILE = {/home/aubrey/Zotero/storage/BM6CPVV8/RileyValeuretal1998_JIB_trackingAsegetum.pdf},
  JOURNALTITLE = {Journal of Insect Behavior},
  NUMBER = {2},
  PAGES = {287--295},
  TITLE = {Harmonic {{Radar}} as a {{Means}} of {{Tracking}} the {{Pheromone}}-{{Finding}} and {{Pheromone}}-{{Following Flight}} of {{Male Moths}}},
  VOLUME = {11},
}

@REPORT{jackson_action_2018,
  AUTHOR = {Jackson, Grahame},
  DATE = {2018},
  FILE = {/home/aubrey/Zotero/storage/DY34TMGK/CNMI-Rhino-Beetle-Plan.pdf},
  INSTITUTION = {{COMMONWEALTH OF THE NORTHERN MARIANA ISLANDS DEPARTMENT OF LANDS AND NATURAL RESOURCES}},
  TITLE = {Action {{Plan}} for {{Oryctes}} Rhinoceros in the {{Commonwealth}} of the {{Northern Mariana Islands}} 2018-2023},
  URL = {https://pacificbasindevelopment.org/wp-content/uploads/2019/04/CNMI-Rhino-Beetle-Plan.pdf},
  URLDATE = {2019-08-22},
}

@ARTICLE{jackson_need_2015,
  AUTHOR = {Jackson, Trevor A},
  DATE = {2015},
  FILE = {/home/aubrey/Zotero/storage/MQ7UWUWA/IAPPS 11-2015(10).pdf},
  JOURNALTITLE = {International Association for the Plant Sciences},
  NUMBER = {XI},
  TITLE = {Need for Emergency Response for a New Variant of Rhinoceros Beetle ({{Guam}} Bioype)},
  URL = {https://www.plantprotection.org/portals/0/documents/newsletters/2015/iapps%2011-2015.pdf},
}

@ARTICLE{jackson_scarabs_2006,
  AUTHOR = {Jackson, Trevor A and Klein, Michael G.},
  DATE = {2006},
  FILE = {/home/aubrey/Zotero/storage/E3WW6WE8/Jackson, Klein - 2006 - Scarabs as pests a continuing problem.pdf},
  JOURNALTITLE = {Coleopterists Socity Monographs},
  PAGES = {102--119},
  TITLE = {Scarabs as Pests: A Continuing Problem},
  URL = {http://www.guaminsects.net/CRB/docs/Jackson 2006 Scarabs as pests - A continuing problem.pdf},
  VOLUME = {5},
}

@ARTICLE{jackson_use_2009-1,
  AUTHOR = {Jackson, Trevor A},
  DATE = {2009},
  FILE = {/home/aubrey/Zotero/storage/QM3IS5BX/Jackson, T. A. 2009.pdf},
  JOURNALTITLE = {Use of Microbes for Control and Eradication of Invasive Arthropods A.E. Hajak et al. [eds.]},
  PAGES = {133--140},
  TITLE = {The {{Use}} of {{Oryctes Virus}} for {{Control}} of {{Rhinoceros Beetle}} in the {{Paciﬁc Islands}}},
  VOLUME = {Chapter 8},
}

@ARTICLE{jacob_influence_1989,
  AUTHOR = {Jacob, M},
  DATE = {1989},
  JOURNALTITLE = {Current Science},
  PAGES = {469--471},
  TITLE = {Influence of Methoprene on the Male Reproductive System of {{Oryctes}} Rhinoceros ({{Coleoptera}}: {{Scarabaeidae}})},
  VOLUME = {58},
}

@ARTICLE{julia_resrearch_1976,
  AUTHOR = {Julia, J F and Mariau, D},
  DATE = {1976},
  FILE = {/home/aubrey/Zotero/storage/9HWHMGBF/Julia, Mariau - 1976 - Resrearch on Oryctes monoceros Ol. in Ivory Coast III. Olfactory trapping with ethyl chrysanthemate.pdf},
  JOURNALTITLE = {Oleagineux},
  NUMBER = {6},
  PAGES = {263--272},
  TITLE = {Resrearch on {{Oryctes}} Monoceros {{Ol}}. in {{Ivory Coast III}}. {{Olfactory}} Trapping with Ethyl Chrysanthemate},
  VOLUME = {31},
}

@ARTICLE{jung-wook_kho_evaluating_2019,
  AUTHOR = {Jung-Wook Kho, Minhyung Jung and Doo-Hyung Lee},
  DATE = {2019},
  FILE = {/home/aubrey/Zotero/storage/3ZEZFM87/Evaulating the efficacy of two insecr detection methods.pdf},
  JOURNALTITLE = {Pest Manag Sci},
  PAGES = {224--233},
  TITLE = {Evaluating the Efficacy of Two Insect Detection Methods with {{Riptortus}} Pedestris ({{Hemiptera}}: {{Alydidae}}): Portable Harmonic Radar System and Fluorescent Marking System},
  VOLUME = {75},
}

@ARTICLE{kalidas_effect_2004,
  AUTHOR = {Kalidas, P},
  DATE = {2004},
  FILE = {/home/aubrey/Zotero/storage/XM93ZANJ/Kalidas - 2004 - Effect of abiotic factors on the efficiency of rhinoceros beetle pheromone, Oryctalure, in the oil palm growing areas o.pdf},
  JOURNALTITLE = {The Planter},
  NUMBER = {935},
  PAGES = {103--115},
  TITLE = {Effect of Abiotic Factors on the Efficiency of Rhinoceros Beetle Pheromone, {{Oryctalure}}, in the Oil Palm Growing Areas of {{Andhra Pradesh}}},
  VOLUME = {80},
}

@ARTICLE{kamarudin_immigration_2004-1,
  AUTHOR = {Kamarudin, Norman and Washid, Mohd B},
  DATE = {2004},
  FILE = {/home/aubrey/Zotero/storage/NJW4I9SH/Kamarudin, Washid - 2004 - Immigration and activity of textit Oryctes rhinoceros within a small oil palm replanting area.pdf},
  JOURNALTITLE = {Journal of Oil Palm Research},
  NUMBER = {2},
  PAGES = {64--77},
  TITLE = {Immigration and Activity of {{Oryctes}} Rhinoceros within a Small Oil Palm Replanting Area},
  URL = {http://palmoilis.mpob.gov.my/publications/joprv16n2-norman.pdf},
  VOLUME = {16},
}

@REPORT{kameoka_survey_2004,
  AUTHOR = {Kameoka, S. and Kiyono, H.},
  DATE = {2004},
  FILE = {/home/aubrey/Zotero/storage/YIUBMXQ5/亀岡 and 清野 - 2004 - カブトムシとクワガタムシの市場調查 a traffic East Asia report.pdf},
  INSTITUTION = {{TRAFFIC East Asia - Japan}},
  LANGID = {japanese},
  LOCATION = {{東京}},
  NOTE = {OCLC: 674040974},
  SHORTTITLE = {カブトムシとクワガタムシの市場調查},
  TITLE = {A Survey of the Rhinoceros Beetle and Stag Beetle Market in Japan},
}

@REPORT{kenis_guide_2019-1,
  AUTHOR = {Kenis, Marc and Hurley, Brett and Colombari, Fernanda and Lawson, Simon and Sun, Jianghua and Wilcken, Carlos and Weeks, Ronald and Sathyapala, Shiroma},
  DATE = {2019},
  FILE = {/home/aubrey/Zotero/storage/ZAWBTM9P/CA3677EN.pdf},
  INSTITUTION = {{FAO}},
  LOCATION = {{Rome}},
  NUMBER = {182},
  TITLE = {Guide to the Classical Biological Control of Insect Pests in Planted and Natural Forests},
  URL = {http://www.fao.org/3/ca3677en/CA3677EN.pdf},
  URLDATE = {2019-04-09},
}

@ARTICLE{kinawy_m.m._control_1987,
  AUTHOR = {Kinawy, M.M.},
  DATE = {1987},
  JOURNALTITLE = {Bulletin of Faculty of Agriculture},
  TITLE = {Control of Coconut Rhinoceros Beetle {{Oryctes Rhinoceros L}}.({{Scarabidae}}: {{Coleoptera}}) in {{South Oman}}},
  VOLUME = {FAO (Ministry of Agriculture, Cairo (Egypt). Plant Protection Research Inst.)},
}

@ARTICLE{latch_studies_1976,
  AUTHOR = {Latch, G. C. M.},
  DATE = {1976},
  FILE = {/home/aubrey/Zotero/storage/DSVRFRFM/Latch - 1976 - Studies on the susceptibility of Oryctes rhinoceros to some entomogenous fungi.pdf},
  JOURNALTITLE = {Entomophaga},
  NUMBER = {1},
  PAGES = {31--38},
  TITLE = {Studies on the Susceptibility of {{Oryctes}} Rhinoceros to Some Entomogenous Fungi},
  VOLUME = {21},
}

@ARTICLE{latch_studies_1976-1,
  AUTHOR = {Latch, G. C. M. and Falloon, R. E.},
  DATE = {1976},
  FILE = {/home/aubrey/Zotero/storage/4UN4VJSK/Latch, Falloon - 1976 - Studies on the use of Metarhizium anisopliae to control Oryctes rhinoceros.pdf},
  JOURNALTITLE = {Entomophaga},
  NUMBER = {I},
  TITLE = {Studies on the Use of {{Metarhizium}} Anisopliae to Control {{Oryctes}} Rhinoceros},
  VOLUME = {21},
}

@ARTICLE{laurence_beaudoin-ollivier_flight_2003,
  AUTHOR = {Laurence Beaudoin-Ollivier, Frank Bonaccorso and Michael Aloysius, Mathew Kasiki},
  DATE = {2003},
  FILE = {/home/aubrey/Zotero/storage/M64F22BT/Beaudoin-ollivieretal.2003_Radiotelemtrie_Scapanes (1).pdf},
  JOURNALTITLE = {Australian J. Entomology},
  PAGES = {367--372},
  TITLE = {Flight Movement of {{Scapanes}} Australis Australis({{Boisduval}}) ({{Coleoptera}}: {{Scarabaeidae}}: {{Dynastinae}}) in {{Papua New Guinea}}: A Radiotelemetry Study},
  VOLUME = {42},
}

@ARTICLE{leal_chemical_1998,
  AUTHOR = {Leal, Walter Soares},
  DATE = {1998},
  FILE = {/home/aubrey/Zotero/storage/DAMZ4435/Leal - 1998 - Chemical Ecology of Phytophagous Scarab Beetles.pdf},
  JOURNALTITLE = {Annual Reviews Entomology},
  PAGES = {39--61},
  TITLE = {Chemical {{Ecology}} of {{Phytophagous Scarab Beetles}}},
  URL = {http://www.guaminsects.net/CRB/docs/Leal 1998 chem ecol phytophagous scarab beetles.pdf},
  VOLUME = {43},
}

@ARTICLE{lee_establishment_2019-1,
  AUTHOR = {Lee, Seokhyun and Lee, Heesam and Park, Kwanho},
  DATE = {2019},
  DOI = {10.1111/1748-5967.12362},
  FILE = {/home/aubrey/Zotero/storage/WQHJ6VXP/Lee et al. - 2019 - Establishment of a loop-mediated isothermal amplif.html},
  ISSN = {1748-5967},
  JOURNALTITLE = {Entomological Research},
  KEYWORDS = {diagnostics,disease,Korean horn beetles,loop-mediated isothermal amplification,OrNV},
  LANGID = {english},
  NUMBER = {7},
  PAGES = {297--304},
  SHORTTITLE = {Establishment of a Loop-Mediated Isothermal Amplification System for on-Site Diagnosis of {{Oryctes}} Rhinoceros Nudivirus in {{Allomyrina}} Dichotoma ({{Coleoptera}}},
  TITLE = {Establishment of a Loop-Mediated Isothermal Amplification System for on-Site Diagnosis of {{Oryctes}} Rhinoceros Nudivirus in {{Allomyrina}} Dichotoma ({{Coleoptera}}: {{Scarabaeidae}})},
  URL = {https://onlinelibrary.wiley.com/doi/abs/10.1111/1748-5967.12362},
  URLDATE = {2019-09-13},
  VOLUME = {49},
}

@REPORT{lewis_insights_nodate,
  AUTHOR = {Lewis, Phillip A.},
  FILE = {/home/aubrey/Zotero/storage/T8KMIWVK/Lewis - Unknown - Insights from Applying Systemic Pesticide to Trees for APHIS Asian Longhorned Beetle.pdf},
  TITLE = {Insights from {{Applying Systemic Pesticide}} to {{Trees}} for {{APHIS Asian Longhorned Beetle}}},
}

@ONLINE{limtiaco_coconut_2020,
  AUTHOR = {Limtiaco, Steve},
  DATE = {2020-03-23},
  FILE = {/home/aubrey/Zotero/storage/9ARMPBT7/4971012002.html},
  JOURNALTITLE = {Pacific Daily News},
  LANGID = {english},
  NOTE = {Library Catalog: www.guampdn.com},
  TITLE = {'{{Coconut}} Trees Are Coming Back'; {{UOG}} Official Says Overall Tree Population Is Recovering},
  URL = {https://www.guampdn.com/story/news/2020/03/22/guam-coconut-tree-population-coconut-rhinoceros-beetle-uog/4971012002/},
  URLDATE = {2020-03-23},
}

@ARTICLE{lomer_c._j_release_1986,
  AUTHOR = {{Lomer C. J}},
  DATE = {1986},
  FILE = {/home/aubrey/Zotero/storage/C9SGIITF/Lomer C. J - 1986 - Release of Baculovirus oryctes into Oryctes monoceros in the Seychelles.pdf},
  JOURNALTITLE = {Journal of Invertebrate Pathology},
  PAGES = {237--246},
  TITLE = {Release of {{Baculovirus}} Oryctes into {{Oryctes}} Monoceros in the {{Seychelles}}},
  VOLUME = {47},
}

@ARTICLE{luqman_h._a_diversity_2018,
  AUTHOR = {Luqman H. A, Noor Nasuha A. A. and Dzulhelmi M. N., Nurul Fatihah A. L. and Muhamad Fahmi M. H., Teo T. M. and Idris. A. B., Izfa Riza H},
  DATE = {2018},
  FILE = {/home/aubrey/Zotero/storage/GUKTB3CD/Luqman H. A, et al. 2018.pdf},
  JOURNALTITLE = {Serangga},
  NUMBER = {1},
  PAGES = {58--71},
  TITLE = {{{DIVERSITY AND COMPOSITION OF BEETLES}} ({{ORDER}}: {{COLEOPTERA}}) {{IN THREE DIFFERENT AGES OF OIL PALMS IN LEKIR OIL PALM PLANTATION}}, {{PERAK}}, {{MALAYSIA}}},
  VOLUME = {23},
}

@ARTICLE{m._e._oneal_tracking_2004,
  AUTHOR = {M. E. O’Neal, D. A. Landis and E. Rothwell, L. Kempel and D. Reinhard},
  DATE = {2004},
  FILE = {/home/aubrey/Zotero/storage/BRRPJ32V/Tracking insects with harmonic radar.pdf},
  JOURNALTITLE = {American Entomologist},
  NUMBER = {4},
  PAGES = {212--218},
  TITLE = {Tracking {{Insects}} with {{Harmonic Radar}}: A {{Case Study}}},
  VOLUME = {50},
}

@ARTICLE{manjeri_genetic_2011,
  AUTHOR = {Manjeri, G and Muhamad, R and Faridah, Q Z and Tan, S G},
  DATE = {2011},
  DOI = {10.5897/AJB10.1537},
  FILE = {/home/aubrey/Zotero/storage/CXE64TT7/Manjeri 2011.pdf;/home/aubrey/Zotero/storage/ZQFTX65K/Manjeri et al. - 2011 - Genetic variation studies in Oryctes rhinoceros ( L .) ( Coleoptera Scarabaeidae ) from oil palm plantations us.pdf},
  JOURNALTITLE = {African Journal of Biotechnology},
  KEYWORDS = {genetic variation,Oryctes rhinoceros,rams},
  NUMBER = {14},
  PAGES = {2611--2617},
  TITLE = {Genetic Variation Studies in {{Oryctes}} Rhinoceros ( {{L}} .) ( {{Coleoptera}} : {{Scarabaeidae}} ) from Oil Palm Plantations Using Random Amplified Microsatellite ( {{RAMs}} ) Markers},
  VOLUME = {10},
}

@ARTICLE{manjeri_morphometric_2013,
  AUTHOR = {Manjeri, G and Muhamad, R and Faridah, Q Z and Tan, S G},
  DATE = {2013},
  FILE = {/home/aubrey/Zotero/storage/2EZGHINP/Morphometric_Analysis_of_Oryctes_rhinoce.pdf},
  JOURNALTITLE = {The Coleopterists Bulletin,},
  NUMBER = {2},
  PAGES = {194--200},
  TITLE = {{{MORPHOMETRIC ANALYSIS OF ORYCTES RHINOCEROS}} ({{L}}.) ({{COLEOPTERA}}: {{SCARABAEIDAE}}) {{FROM OIL PALM PLANTATIONS}}},
  VOLUME = {67},
}

@ARTICLE{mankin_acoustic_2010-2,
  AUTHOR = {Mankin, R W and Moore, Aubrey},
  DATE = {2010},
  DOI = {10.1603/EC09214},
  FILE = {/home/aubrey/Zotero/storage/GMREDHA6/mankin2010.pdf},
  JOURNALTITLE = {Journal of Economic Entomology},
  NUMBER = {4},
  PAGES = {1135--1143},
  TITLE = {Acoustic {{Detection}} of {{Oryctes}} Rhinoceros ({{Coleoptera}}: {{Scarabaeidae}}: {{Dynastinae}}) and {{Nasutitermes}} Luzonicus ({{Isoptera}}: {{Termitidae}}) in {{Palm Trees}} in {{Urban Guam}}},
  URL = {http://www.ingentaconnect.com/content/esa/jee/2010/00000103/00000004/art00014},
  VOLUME = {103},
}

@BOOK{mariau_fauna_2001,
  AUTHOR = {Mariau, Dominique},
  DATE = {2001},
  EPRINT = {6Zj1DEKnXc0C},
  EPRINTTYPE = {googlebooks},
  ISBN = {978-2-87614-478-1},
  LANGID = {english},
  PAGETOTAL = {268},
  PUBLISHER = {{Editions Quae}},
  SHORTTITLE = {The {{Fauna}} of {{Oil Palm}} and {{Coconut}}},
  TITLE = {The {{Fauna}} of {{Oil Palm}} and {{Coconut}}: {{Insect}} and {{Mites Pests}} and {{Their Natural Enemies}}},
}

@ARTICLE{marschall_effect_1982,
  AUTHOR = {Marschall, K J and Ioane, I},
  DATE = {1982},
  FILE = {/home/aubrey/Zotero/storage/EKF5FVQF/Marschall, Ioane - 1982 - The Effect of Re-release of Oryctes in the Biological Control of Rhinoceros rhinoceros Baculovirus Beetles i.pdf},
  JOURNALTITLE = {Journal of Invertebrate Pathology},
  PAGES = {267--276},
  TITLE = {The {{Effect}} of {{Re}}-Release of {{Oryctes}} in the {{Biological Control}} of {{Rhinoceros}} Rhinoceros {{Baculovirus Beetles}} in {{Western Samoa}} ’},
  VOLUME = {39},
}

@UNPUBLISHED{marshall_challenge_2019,
  AUTHOR = {Marshall, Sean David Goldie},
  DATE = {2019-11-11},
  EDITORA = {Moore, Aubrey},
  EDITORATYPE = {collaborator},
  EVENTTITLE = {{{XIX International Plant Protection Congress}}},
  TITLE = {The Challenge of Coconut Rhinoceros Beetle ({{Oryctes}} Rhinoceros) to Palm Production and Prospects for Control in a Changing World},
  VENUE = {{Hyderabad, India}},
}

@ARTICLE{marshall_dna_2014,
  AUTHOR = {Marshall, Sean and Moore, Aubrey},
  DATE = {2014},
  TITLE = {{{DNA}} Analysis of {{Hawaii CRB}}},
  URL = {http://guaminsects.net/anr/sites/default/files/CRB2014-02-12.pdf},
}

@ARTICLE{marshall_hawaii_2014,
  AUTHOR = {Marshall, Sean and Moore, Aubrey},
  DATE = {2014},
  TITLE = {Hawaii Beetle Dissections},
  URL = {http://guaminsects.net/anr/sites/default/files/CRB2014-01-17A.pdf},
}

@INPROCEEDINGS{marshall_new_2015,
  AUTHOR = {Marshall, Sean David Goldie and Vaqalo, Maclean and Moore, Aubrey and Quitugua, Roland and Jackson, Trevor A},
  BOOKTITLE = {International {{Congress}} on {{Invertebrate Pathology}} and {{Microbial Control}} and the 48th {{Annual Meeting}} of the {{Society}} for {{Invertebrate Pathology}}},
  DATE = {2015},
  TITLE = {A New Invasive Biotype of the Coconut Rhinoceros Beetle ({{Oryctes}} Rhinoceros) Has Escaped from Biocontrol by {{Oryctes}} Rhinoceros Nudivirus},
  URL = {http://www.sipmeeting.org/van1/SIP2015-Full Program.pdf},
}

@ARTICLE{marshall_new_2015-1,
  AUTHOR = {Marshall, Sean D G and Zealand, New and Moore, Aubrey and Zealand, Agresearch New and Moore, Aubrey and Zealand, New and Moore, Aubrey},
  DATE = {2015},
  FILE = {/home/aubrey/Zotero/storage/7K46E2UR/coconut-rhinoceros-beetle.pdf;/home/aubrey/Zotero/storage/CTC5Z2D2/coconut-rhinoceros-beetle(2).pdf;/home/aubrey/Zotero/storage/J3JS5AZB/Whitepaper CRB-G invasivbe pest DO comments.pdf;/home/aubrey/Zotero/storage/UXAR9JWE/coconut-rhinoceros-beetle(1).pdf},
  ISSN = {0434554690941},
  PAGES = {1--2},
  TITLE = {A {{New Coconut Rhinoceros Beetle Biotype Threatens Coconut}} and {{Oil Palms}} in {{Southeast Asia}} and the {{Pacific}}},
}

@ARTICLE{marshall_new_2017-1,
  AUTHOR = {Marshall, Sean D. G. and Moore, Aubrey and Vaqalo, Maclean and Noble, Alasdair and Jackson, Trevor A.},
  DATE = {2017-10-01},
  DOI = {10.1016/j.jip.2017.07.006},
  FILE = {/home/aubrey/Zotero/storage/XW6A4HWJ/Marshall et al. - 2017 - A new haplotype of the coconut rhinoceros beetle, .pdf;/home/aubrey/Zotero/storage/FXUL5HUY/S0022201117300289.html},
  ISSN = {0022-2011},
  JOURNALTITLE = {Journal of Invertebrate Pathology},
  KEYWORDS = {biocontrol,McIntire-Stennis final report 2019,nudivirus,outbreak,population,publication2017,tolerance},
  PAGES = {127--134},
  SHORTJOURNAL = {Journal of Invertebrate Pathology},
  TITLE = {A New Haplotype of the Coconut Rhinoceros Beetle, {{{\emph{Oryctes}}}}{\emph{ Rhinoceros}}, Has Escaped Biological Control by {{{\emph{Oryctes}}}}{\emph{ Rhinoceros}} Nudivirus and Is Invading {{Pacific Islands}}},
  URL = {http://www.sciencedirect.com/science/article/pii/S0022201117300289},
  URLDATE = {2017-08-26},
  VOLUME = {149},
}

@UNPUBLISHED{marshall_oryctes_2014,
  AUTHOR = {Marshall, Sean and Moore, Aubrey and Campbell, Russell and Quitugua, Roland and Jackson, Trevor},
  DATE = {2014-08},
  EVENTTITLE = {47th {{Annual Meeting}} of the {{Society}} for {{Invertebrate Pathology}} and {{International Congress}} on {{Invertebrate Pathology}} and {{Microbial Control}}},
  TITLE = {Oryctes Rhinoceros Population Diversity and Potential Implications for Control Using {{Oryctes}} Nudivirus},
  URL = {http://www.sipweb.org/docs/Program%20and%20Abstracts%202014.pdf},
  VENUE = {{Mainz, Germany}},
}

@UNPUBLISHED{marshall_protocol_2018,
  AUTHOR = {Marshall, Sean David Goldie},
  DATE = {2018},
  EVENTTITLE = {Annual {{Meeting}} of the {{Society}} for {{Invertebrate Pathology}}},
  TITLE = {Protocol to Assess Results from {{CRB}} Assays},
  VENUE = {{Gold Coast, Australia}},
}

@ARTICLE{matan_shelomi_transcriptome_2019,
  AUTHOR = {Matan Shelomi, Shih-Shun Lin and Li-Yu Liu},
  DATE = {2019},
  FILE = {/home/aubrey/Zotero/storage/RI4A87H4/s12864-019-6352-3.pdf},
  JOURNALTITLE = {BMC Genomics},
  TITLE = {Transcriptome and Microbiome of Coconut Rhinoceros Beetle ({{Oryctes}} Rhinoceros) Larvae},
  VOLUME = {20:957},
}

@INPROCEEDINGS{max_blake_dna_2014,
  AUTHOR = {Max Blake, Niall J McKeown and Paul W Shaw},
  DATE = {2014},
  EVENTTITLE = {S23: {{Conservation}} Ecology of {{European}} Saproxylic Insects},
  FILE = {/home/aubrey/Zotero/storage/INVGR69J/Blakeetal.DNAExtractionfromBeetleFrass.pdf},
  TITLE = {{{DNA}} Isolation from Single Pieces of Beetle Frass: A Resource for Conservation Genetic Studies of {{Gnorimus}} Nobilis},
}

@ARTICLE{mccullough_using_2013,
  AUTHOR = {McCullough, Erin L.},
  DATE = {2013},
  DOI = {10.1007/s10905-012-9334-8},
  FILE = {/home/aubrey/Zotero/storage/PCPMTTMB/McCullough 2013-2.pdf},
  ISSN = {1090501293},
  JOURNALTITLE = {Journal of Insect Behavior},
  KEYWORDS = {male dimorphism,movement,radio telemetry,Trypoxylus dichotomus},
  NUMBER = {1},
  PAGES = {51--56},
  TITLE = {Using {{Radio Telemetry}} to {{Assess Movement Patterns}} in a {{Giant Rhinoceros Beetle}}: {{Are There Differences Among Majors}}, {{Minors}}, and {{Females}}?},
  URL = {http://dx.doi.org/10.1007/s10905-012-9334-8},
  VOLUME = {26},
}

@ARTICLE{megan_manley_oviposition_2018,
  AUTHOR = {Manley, Megan and Melzer, Michael J. and Spafford, Helen},
  DATE = {2018},
  FILE = {/home/aubrey/Zotero/storage/RHVETQMT/insects-09-00141.pdf},
  JOURNALTITLE = {Insects},
  PAGES = {141},
  TITLE = {Oviposition {{Preferences}} and {{Behavior}} of {{Wild}}-{{Caught}} and {{Laboratory}}-{{Reared Coconut Rhinoceros Beetle}}, {{Oryctes}} Rhinoceros ({{Coleoptera}}: {{Scarabaeidae}}), in {{Relation}} to {{Substrate Particle Size}}},
  VOLUME = {9},
}

@ARTICLE{meyer_j._m._draft_2016,
  AUTHOR = {Meyer, J. M., G. V., Markov and Praveen Baskaran, Matthias Herrmann and Ralf J. Sommer, Christian Rodelsperger},
  DATE = {2016},
  FILE = {/home/aubrey/Zotero/storage/XXAP3RED/Meyer, J. M. et al 2016 Draft genome.pdf},
  JOURNALTITLE = {Genome Biology Evolution},
  NUMBER = {7},
  PAGES = {2093--2105},
  TITLE = {Draft Genome of the Scarab Beetle {{Oryctes}} Borbonicus on {{La Reunion Island}}},
  VOLUME = {8},
}

@ARTICLE{miller_dose-dependent_2005,
  AUTHOR = {Miller, Daniel R and Lindgren, B Staffan},
  DATE = {2005},
  FILE = {/home/aubrey/Zotero/storage/4I9WQT7E/Miller, Lindgren - 2005 - Dose-Dependent Pheromone Responses of Mountain Pine Beetle in Stands of Lodgepole Pine.pdf},
  ISSUE = {Table 1},
  KEYWORDS = {beetle,breeds in the,cleridae,Coleoptera,dendroctonus ponderosae,exo-brevicomin,hopkins,lodgepole pine,phloem tissue of mature,pinus contorta,scolytidae,t he mountain pine,verbenols},
  TITLE = {Dose-{{Dependent Pheromone Responses}} of {{Mountain Pine Beetle}} in {{Stands}} of {{Lodgepole Pine}}},
  VOLUME = {14},
}

@ARTICLE{mini_stridulation_1990-1,
  AUTHOR = {Mini, A and Prabhu, V K K},
  DATE = {1990},
  FILE = {/home/aubrey/Zotero/storage/JFC5BXZN/Mini, Prabhu - 1990 - Stridulation in the coconut rhinoceros beetle textit Oryctes rhinoceros (Coleoptera Scarabaeidae).pdf},
  JOURNALTITLE = {Proceedings of the Indian Academy of Sciences},
  NUMBER = {6},
  PAGES = {447--455},
  TITLE = {Stridulation in the Coconut Rhinoceros Beetle {{Oryctes}} Rhinoceros ({{Coleoptera}}: {{Scarabaeidae}})},
  URL = {http://www.guaminsects.net/doc/oryctes/Mini\{&\}Prabhu1990.pdf},
  VOLUME = {99},
}

@ARTICLE{mohan_diagnosis_1985,
  AUTHOR = {Mohan, K. S. and Jayapal, S. P. and Pillai, G. B.},
  DATE = {1985},
  FILE = {/home/aubrey/Zotero/storage/K3VARZMN/Mohan,K.S. et al 1985.pdf},
  JOURNALTITLE = {Journal of Plant Disease and Protection},
  NUMBER = {4},
  PAGES = {379--383},
  TITLE = {Diagnosis of Baculovirus Infection in Coconut Rhinoceros Beetles by Examination of Excreta},
  VOLUME = {93},
}

@ARTICLE{mohan_k._biotoxicity_2013,
  AUTHOR = {Mohan, K., A. M., Padmanaban},
  DATE = {2013},
  JOURNALTITLE = {International Journal of Pharma and Bio Sciences},
  NUMBER = {4},
  PAGES = {102--110},
  TITLE = {Biotoxicity Assay of Neem ({{Azadirachta}} Indica) Products and Distillery Effluent on the Third Instar Larvae of Coconut {{Rhinoceros}} Beetle {{Oryctes}} Rhinoceros.},
  VOLUME = {4},
}

@ARTICLE{mohan_k._s._persistence_1991,
  AUTHOR = {Mohan, K. S.},
  DATE = {1991},
  FILE = {/home/aubrey/Zotero/storage/BKTVRIPU/15267-15912-1-PB (1).pdf},
  JOURNALTITLE = {L Biological Control},
  NUMBER = {1},
  PAGES = {28--31},
  TITLE = {Persistence of {{Oryctes}} Baculovirus in Organic Matter},
  VOLUME = {5},
}

@ARTICLE{mohan_quantitation_1989,
  AUTHOR = {Mohan, K S and Gopinathan, K P},
  DATE = {1989},
  EPRINT = {2760162},
  EPRINTTYPE = {pubmed},
  FILE = {/home/aubrey/Zotero/storage/6ZNMUP6I/Mohan, Gopinathan - 1989 - Quantitation of serological cross-reactivity between two geographical isolates of Oryctes baculovirus by a mo.pdf},
  JOURNALTITLE = {Journal of virological methods},
  KEYWORDS = {animals,Antigenic Variation,Antigens; Viral,Antigens; Viral: immunology,Beetles,Beetles: microbiology,Cross Reactions,Enzyme-Linked Immunosorbent Assay,Enzyme-Linked Immunosorbent Assay: methods,insect viruses,Insect Viruses: immunology,Insect Viruses: isolation & purification,Species Specificity,Viral Proteins,Viral Proteins: immunology},
  NUMBER = {1-2},
  PAGES = {203--13},
  TITLE = {Quantitation of Serological Cross-Reactivity between Two Geographical Isolates of {{Oryctes}} Baculovirus by a Modified {{ELISA}}.},
  VOLUME = {24},
}

@ARTICLE{monty_j._teratological_1974,
  AUTHOR = {Monty, J.},
  DATE = {1974},
  JOURNALTITLE = {Bulletin of entomological research},
  NUMBER = {4},
  PAGES = {633--636},
  TITLE = {Teratological Effects of the Virus {{Rhabdionvirus}} Oryctes on {{Oryctes}} Rhinoceros ({{L}}.) ({{Coleoptera}}, {{Dynastidae}})},
  VOLUME = {64},
}

@UNPUBLISHED{moore_2019_2019-1,
  AUTHOR = {Moore, Aubrey},
  DATE = {2019-03},
  TITLE = {2019 {{Forest Service Review}} of {{University}} of {{Guam Projects}}},
  URL = {https://github.com/aubreymoore/2019-Forest-Service-Review/raw/master/2019%20Forest%20Service%20Review.pdf},
  VENUE = {{University of Guam}},
}

@ARTICLE{moore_adding_2014,
  AUTHOR = {Moore, Aubrey and Quitugua, Roland},
  DATE = {2014},
  FILE = {/home/aubrey/Zotero/storage/VAR84XKJ/barrelSubstrate(3).pdf},
  KEYWORDS = {cfes2015,crbtechreport},
  PAGES = {1--4},
  TITLE = {Adding {{CRB Breeding Site Material}} to {{Barrel Traps Does Not Increase Trap Catch}}},
  URL = {http://guaminsects.net/anr/sites/default/files/barrelSubstrate.pdf},
}

@ONLINE{moore_additional_2019,
  AUTHOR = {Moore, Aubrey},
  DATE = {2019-06-02},
  TITLE = {Additional {{Documentation}} in {{Support}} of a {{Permit Application}} for {{Importation}} of {{Live Coconut Rhinoceros Beetles}} to {{Guam}}},
  URL = {https://github.com/aubreymoore/CRB-Import-Permit/blob/master/CRB-import-permit-request-additional.pdf},
}

@ONLINE{moore_animated_2019,
  AUTHOR = {Moore, Aubrey},
  DATE = {2019},
  TITLE = {Animated {{Map}} of {{Coconut Rhinocero Beetle Pheromone Trap Catches}} on {{Guam}}},
  URL = {https://www.youtube.com/watch?v=DtBkEOsdGRE},
  URLDATE = {2019-11-09},
}

@ARTICLE{moore_aphis_2014,
  AUTHOR = {Moore, Aubrey},
  DATE = {2014},
  KEYWORDS = {cfes2015,crbtechreport},
  TITLE = {{{APHIS}} Biocontrol Semiannual Report},
  URL = {http://guaminsects.net/anr/sites/default/files/CRB2014-05-04_0.pdf},
}

@ARTICLE{moore_assessment_2007,
  AUTHOR = {Moore, Aubrey},
  DATE = {2007},
  TITLE = {Assessment of the {{Rhinoceros Beetle Infestation}} on {{Guam}}},
  URL = {http://www.guaminsects.net/CRB/docs/Moore 2007 Assessment of the Rhinoceros Beetle Infestation on Guam.doc},
}

@INPROCEEDINGS{moore_attempted_2008-2,
  AUTHOR = {Moore, Aubrey},
  BOOKTITLE = {Entomological {{Society}} of {{America Annual Meeting}}},
  DATE = {2008},
  TITLE = {Attempted Eradication of the Coconut Rhinoceros Beetle, {{Oryctes}} Rhinoceros, ({{Scarabaeidae}}), a Recently Arrived Invasive Species on {{Guam}}},
}

@UNPUBLISHED{moore_attempted_2018-1,
  AUTHOR = {Moore, Aubrey and Marshall, Sean D G and Quitugua, Roland and Iriarte, Ian R.},
  DATE = {2018-09-13},
  EVENTTITLE = {51st {{Annual Meeting}} of the {{Society}} for {{Invertebrate Pathology}} and {{International Congress}} on {{Invertebrate Pathology}} and {{Microbial Control}}},
  FILE = {/home/aubrey/Zotero/storage/R9KTHDZP/Aubrey SIP2018.ppt},
  KEYWORDS = {presentation2018},
  TITLE = {Attempted Microbial Control of Coconut Rhinoceros Beetle, {{{\emph{Oryctes}}}}{\emph{ Rhinoceros}}, Biotype {{G}} on {{Guam}} Using {{{\emph{Oryctes}}}}{\emph{ Rhinoceros}} Nudivirus and {{{\emph{Metarhizium}}}}{\emph{ Majus}}},
  URL = {https://github.com/aubreymoore/SIP2018},
  VENUE = {{Gold Coast, Australia}},
}

@ARTICLE{moore_best_2015,
  AUTHOR = {Moore, Aubrey},
  DATE = {2015},
  KEYWORDS = {cfes2015,crbtechreport},
  TITLE = {Best {{Way}} to {{Access Data}} in the {{Guam Coconut Rhinoceros Project Database}}},
  URL = {http://nbviewer.ipython.org/url/guaminsects.net/anr/sites/default/files/bestWaySQL.ipynb},
}

@REPORT{moore_bioassay_2019,
  AUTHOR = {Moore, Aubrey and Grasela, James J.},
  DATE = {2019},
  INSTITUTION = {{University of Guam}},
  TITLE = {Bioassay {{Report}}: {{DUG42}}},
  URL = {https://github.com/aubreymoore/rearing3/raw/master/bioassay-DUG42.pdf},
}

@REPORT{moore_bioassay_2019-1,
  AUTHOR = {Moore, Aubrey and Grasela, James J.},
  DATE = {2019},
  INSTITUTION = {{University of Guam}},
  TITLE = {Bioassay {{Report}}: {{V23BperOSIN}}},
  URL = {https://github.com/aubreymoore/rearing3/raw/master/bioassay-V23B%5C_perOSIN.pdf},
}

@REPORT{moore_bioassay_2019-2,
  AUTHOR = {Moore, Aubrey and Grasela, James J.},
  DATE = {2019},
  INSTITUTION = {{University of Guam}},
  TITLE = {Bioassay {{Report}}: {{PNG}}},
  URL = {https://github.com/aubreymoore/rearing3/raw/master/bioassay-PNG.pdf},
}

@REPORT{moore_bioassay_2019-3,
  AUTHOR = {Moore, Aubrey and Grasela, James J.},
  DATE = {2019},
  INSTITUTION = {{University of Guam}},
  TITLE = {Bioassay {{Report}}: {{V23B}}},
  URL = {https://github.com/aubreymoore/rearing3/raw/master/bioassay-V23B.pdf},
}

@REPORT{moore_bioassay_2019-4,
  AUTHOR = {Moore, Aubrey and Grasela, James J.},
  DATE = {2019},
  INSTITUTION = {{University of Guam}},
  TITLE = {Bioassay {{Report}}: {{V23B Large Bioassay}}},
  URL = {https://github.com/aubreymoore/rearing3/raw/master/bioassay-V23B%5C_large%5C_bioassay.pdf},
}

@REPORT{moore_bioassay_2019-5,
  AUTHOR = {Moore, Aubrey and Grasela, James J.},
  DATE = {2019},
  INSTITUTION = {{University of Guam}},
  TITLE = {Bioassay {{Report}}: {{V23BperOS}}},
  URL = {https://github.com/aubreymoore/rearing3/raw/master/bioassay-V23BperOS.pdf},
}

@REPORT{moore_bioassay_2019-6,
  AUTHOR = {Moore, Aubrey and Grasela, James J.},
  DATE = {2019},
  INSTITUTION = {{University of Guam}},
  TITLE = {Bioassay {{Report}}: {{MALB}}},
  URL = {https://github.com/aubreymoore/rearing3/raw/master/bioassay-MALB.pdf},
}

@REPORT{moore_bioassay_2019-7,
  AUTHOR = {Moore, Aubrey and Grasela, James J.},
  DATE = {2019},
  INSTITUTION = {{University of Guam}},
  TITLE = {Bioassay {{Report}}: {{MALBperOS}}},
  URL = {https://github.com/aubreymoore/rearing3/raw/master/bioassay-MALBperOS.pdf},
}

@REPORT{moore_bioassay_2019-9,
  AUTHOR = {Moore, Aubrey and Grasela, James J.},
  DATE = {2019},
  INSTITUTION = {{University of Guam}},
  TITLE = {Bioassay {{Report}}: {{PNGperOS}}},
  URL = {https://github.com/aubreymoore/rearing3/raw/master/bioassay-PNGperOS.pdf},
}

@ARTICLE{moore_bird_2014,
  AUTHOR = {Moore, Aubrey and Quitugua, Roland},
  DATE = {2014},
  KEYWORDS = {cfes2015,crbtechreport},
  TITLE = {Bird Net Escape Test},
  URL = {http://guaminsects.net/anr/sites/default/files/BirdNet.pdf},
}

@INPROCEEDINGS{moore_challenges_2011-2,
  AUTHOR = {Moore, Aubrey and Quitugua, Roland},
  BOOKTITLE = {Society of {{American Foresters Annual Conference}}},
  DATE = {2011},
  TITLE = {Challenges of Eradicating Coconut Rhinoceros Beetle, {{Oryctes}} Rhinoceros, on {{Guam}}},
}

@ARTICLE{moore_chicken_2014,
  AUTHOR = {Moore, Aubrey},
  DATE = {2014},
  TITLE = {Chicken Wire vs Plastic Top},
  URL = {http://guaminsects.net/anr/sites/default/files/CRB2014-01-15.pdf},
}

@ARTICLE{moore_chicken_2014-1,
  AUTHOR = {Moore, Aubrey},
  DATE = {2014},
  FILE = {/home/aubrey/Zotero/storage/QQEN74NF/Moore - 2014 - Chicken Wire Escape Test Prepared by.pdf},
  PAGES = {1--2},
  TITLE = {Chicken Wire Escape Test},
  URL = {http://guaminsects.net/anr/sites/default/files/CRB2014-01-12A_0.pdf},
}

@ARTICLE{moore_coconut_2015,
  AUTHOR = {Moore, Aubrey and Jackson, Trevor and Quitugua, Roland and Bassler, Paul and Campbell, Russell},
  DATE = {2015},
  FILE = {/home/aubrey/Zotero/storage/SFWH2HPN/Moore 2015.pdf},
  JOURNALTITLE = {Florida Entomologist},
  NUMBER = {3},
  PAGES = {1012--1014},
  TITLE = {Coconut Rhinoceros Beetles ( {{Coleoptera}} : {{Scarabaeidae}} ) Develop in Arboreal Breeding Sites in {{Guam}}},
  URL = {http://journals.fcla.edu/flaent/article/download/84794/84044},
  VOLUME = {98},
}

@INPROCEEDINGS{moore_coconut_2015-1,
  AUTHOR = {Moore, Aubrey and Quitugua, Roland},
  BOOKTITLE = {Pacific {{Entomology Conference}}},
  DATE = {2015},
  KEYWORDS = {cfes2015,crbtechreport,presentation},
  TITLE = {Coconut {{Rhinoceros Beetle Trap Improvements}}},
  URL = {http://guaminsects.net/anr/sites/default/files/pec2015-improved-traps.pdf},
}

@REPORT{moore_coconut_2019,
  AUTHOR = {Moore, Aubrey and Grasela, James J.},
  DATE = {2019},
  TITLE = {Coconut {{Rhinoceros Beetle Bibliography}}},
  URL = {https://github.com/aubreymoore/CRB-Bibliography},
}

@ONLINE{moore_coconut_2019-1,
  AUTHOR = {Moore, Aubrey},
  DATE = {2019-10-13},
  TITLE = {Coconut {{Rhinoceros Beetle Rearing Database}}},
  URL = {http://aubreymoore.pythonanywhere.com/rearing},
}

@ONLINE{moore_coconut_2019-2,
  AUTHOR = {Moore, Aubrey},
  DATE = {2019-06-21},
  TITLE = {Coconut {{Rhinoceros Beetle Causes}} an {{Ecological Catastrophe}} on {{Guam}}},
  URL = {https://github.com/aubreymoore/2019-Extension-Internship-CRB-Presentation/raw/master/2019-CRB-catastrophy-presentation.pdf},
}

@ARTICLE{moore_coconut_nodate,
  AUTHOR = {Moore, Aubrey and Jackson, Trevor and Quitugua, Roland and Bassler, Paul},
  JOURNALTITLE = {Florida Entomologist},
  KEYWORDS = {cfes2015,journal,testkeyword},
  TITLE = {Coconut Rhinoceros Beetle, {{Oryctes}} Rhinoceros ({{Coleoptera}}: {{Scarabaeidae}}), Grubs Develop in Live Coconut Palms on {{Guam}}},
}

@ARTICLE{moore_cocounut_nodate,
  AUTHOR = {Moore, Aubrey},
  ENTRYSUBTYPE = {magazine},
  JOURNALTITLE = {Guam Life},
  TITLE = {Cocounut {{Rhinoceros Beetle}}},
}

@REPORT{moore_container_2017-1,
  AUTHOR = {Moore, Aubrey and Quitugua, Roland},
  DATE = {2017-06-01},
  FILE = {/home/aubrey/Zotero/storage/N2R2Z6C7/CRB_Shipping_Container.pdf},
  INSTITUTION = {{University of Guam Cooperative Extension Service}},
  KEYWORDS = {techrep2017},
  PAGES = {3},
  TITLE = {Container for Secure Shipment of Live Coconut Rhinoceros Beetle Adults},
  TYPE = {Guam Coconut Rhinoceros Beetle Project Technical Report CRB-2017-05-27},
  URL = {https://github.com/aubreymoore/CRB-Import-Permit/raw/master/CRB_Shipping_Container.pdf},
}

@INPROCEEDINGS{moore_containing_2011,
  AUTHOR = {Moore, Aubrey},
  BOOKTITLE = {International {{Plant Protection Congress}}},
  DATE = {2011},
  TITLE = {Containing the Rhinoceros Beetle Outbreak on {{Guam}}},
}

@REPORT{moore_crb_2008,
  AUTHOR = {Moore, Aubrey},
  DATE = {2008},
  FILE = {/home/aubrey/Zotero/storage/XSHUNX4X/CRB Flight Range.pdf},
  TITLE = {{{CRB Flight Range}}},
}

@INPROCEEDINGS{moore_crb_2012,
  AUTHOR = {Moore, Aubrey},
  BOOKTITLE = {Brown {{Treesnake Technical Working Group Meeting}}},
  DATE = {2012},
  TITLE = {{{CRB}} Is the {{BTS}} of the 21st {{Century}}},
}

@ARTICLE{moore_crb_2014,
  AUTHOR = {Moore, Aubrey},
  DATE = {2014},
  KEYWORDS = {cfes2015,crbtechreport},
  TITLE = {{{CRB Sanitation}} at the {{University}} of {{Guam Yigo Agricultural Experiment Station}}},
  URL = {http://guaminsects.net/anr/sites/default/files/2014-06-26-YigoSanitation.pdf},
}

@ARTICLE{moore_crb_2014-1,
  AUTHOR = {Moore, Aubrey},
  DATE = {2014},
  TITLE = {\{\vphantom\}{{CRB}}\vphantom\{\} Rearing},
  URL = {http://guaminsects.net/anr/sites/default/files/CRB},
}

@ARTICLE{moore_crb_2014-2,
  AUTHOR = {Moore, Aubrey},
  DATE = {2014},
  TITLE = {{{CRB}} Heat Tolerance},
  URL = {http://guaminsects.net/anr/content/2014-02-19-crb-heat-tolerance},
}

@ARTICLE{moore_crb_2014-3,
  AUTHOR = {Moore, Aubrey},
  DATE = {2014},
  TITLE = {{{CRB}} Dispersal by Flight},
  URL = {http://guaminsects.net/anr/content/2014-02-19a-crb-dispersal-flight},
}

@ARTICLE{moore_crb_2014-4,
  AUTHOR = {Moore, Aubrey},
  DATE = {2014},
  KEYWORDS = {cfes2015,crbtechreport},
  TITLE = {{{CRB}} Rearing},
  URL = {http://guaminsects.net/anr/sites/default/files/CRB},
}

@ARTICLE{moore_crb_2014-5,
  AUTHOR = {Moore, Aubrey},
  DATE = {2014},
  TITLE = {{{CRB}} Mitigation for Conservation of Rear Snails and Butterflies at {{Haputo Beach}}},
  URL = {http://guaminsects.net/anr/sites/default/files/2014-02-17},
}

@ARTICLE{moore_crb_2014-6,
  AUTHOR = {Moore, Aubrey},
  DATE = {2014},
  FILE = {/home/aubrey/Zotero/storage/2EES7FUB/CRB Rearing_0.pdf},
  PAGES = {1--3},
  TITLE = {{{CRB Rearing Prepared}} By},
}

@ONLINE{moore_crb-g_2019,
  AUTHOR = {Moore, Aubrey},
  DATE = {2019-10-13},
  TITLE = {{{CRB}}-{{G Wiki}}},
  URL = {http://guaminsects.net/CRBG/index.php?title=CRB-G_Wiki},
}

@ARTICLE{moore_cypermethrin_2011,
  AUTHOR = {Moore, Aubrey},
  DATE = {2011},
  TITLE = {Cypermethrin Bioassay for {{CRB}} Grubs},
  URL = {http://guaminsects.net/anr/sites/default/files/Cypermethrin},
}

@ARTICLE{moore_cypermethrin_2014,
  AUTHOR = {Moore, Aubrey},
  DATE = {2014},
  FILE = {/home/aubrey/Zotero/storage/EW3FFVQ7/crownSpray.pdf},
  KEYWORDS = {chemical control},
  PAGES = {1--7},
  TITLE = {Cypermethrin Applied to Coconut Palm Crowns as a Prophylactic Treatment for Prevention of {{CRB}} Damage},
  URL = {http://guaminsects.net/anr/sites/default/files/crownSpray.pdf},
}

@ARTICLE{moore_defence_2015,
  AUTHOR = {Moore, Aubrey and Quitugua, Roland},
  DATE = {2015},
  KEYWORDS = {cfes2015,crbtechreport},
  TITLE = {{{DeFence Traps}}: {{Using Fish Netting}} as {{Novel CRB Pheromone Trap Deployed}} on {{Fence Lines}}},
  URL = {http://nbviewer.ipython.org/url/guaminsects.net/anr/sites/default/files/DeFence Traps.ipynb},
}

@ARTICLE{moore_development_2013,
  AUTHOR = {Moore, Aubrey},
  DATE = {2013},
  KEYWORDS = {trap development},
  TITLE = {Development of Barrel Traps},
  URL = {http://guaminsects.net/anr/sites/default/files/barrelTraps.pdf},
}

@ONLINE{moore_discovery_nodate,
  AUTHOR = {Moore, Aubrey},
  KEYWORDS = {presentation},
  TITLE = {Discovery of the {{Coconut Rhinoceros Beetle Guam Biotype}} and {{Implications}} for {{Global Control Aubrey Moore Entomological Society}} of {{America Pacific Branch Meeting Honolulu April}} 5, 2016},
  URL = {http://guaminsects.net/GISC_NOV2015/GISC_NOV2015/Moore_ESA_PB_APR2016.html},
  URLDATE = {2016-04-12},
}

@ARTICLE{moore_draft_2015,
  AUTHOR = {Moore, Aubrey and Quitugua, Roland},
  DATE = {2015},
  FILE = {/home/aubrey/Zotero/storage/SN6T8222/PEC CRB IPM.pdf},
  PAGES = {1--3},
  TITLE = {Draft {{Agenda}} for {{Coconut Rhinoceros Beetle IPM Meeting Sponsored}} by the {{Western IPM Center}}},
}

@ARTICLE{moore_efficacy_2008,
  AUTHOR = {Moore, Aubrey},
  DATE = {2008},
  PAGES = {1--11},
  TITLE = {Efficacy of Systemic Insecticide Injections Applied to Mature Coconut Palms},
  URL = {http://www.guaminsects.net/CRB/docs/Coconut Injection Bioassay.pdf},
}

@ARTICLE{moore_efficacy_2015,
  AUTHOR = {Moore, Aubrey and Marshall, Sean},
  DATE = {2015},
  FILE = {/home/aubrey/Zotero/storage/IAF4HBQN/1555 yearend report(1).pdf},
  KEYWORDS = {cfes2015,crbtechreport},
  TITLE = {Efficacy of {{Entomopathogenic Fungus}} for {{Biological Control}} of {{Coconut Rhinoceros Beetle}} ({{CRB}}) on {{Guam}} and {{DNA Profiling}} of {{Asia}}/{{Pacific CRB Populations}} with {{Respect}} to {{Virus Susceptibility}}},
  URL = {http://guaminsects.net/anr/sites/default/files/semiannual-report-April2015.pdf},
}

@ONLINE{moore_facebook_2019,
  AUTHOR = {Moore, Aubrey and Iriarte, Ian R.},
  DATE = {2019-10-13},
  TITLE = {{{FaceBook Site}}: {{CRB}}-{{G}}},
  URL = {https://www.facebook.com/groups/crbg07/},
}

@UNPUBLISHED{moore_failed_2018-1,
  AUTHOR = {Moore, Aubrey},
  DATE = {2018-11-13},
  DOI = {10.5281/zenodo.2545065},
  EVENTTITLE = {Annual {{Meeting}} of the {{Entomological Society}} of {{America}}},
  FILE = {/home/aubrey/Zotero/storage/QS3IMJZH/Moore - 2019 - Failed Attempts to Establish IPM for Asian Cycad S.pdf},
  KEYWORDS = {McIntire-Stennis final report 2019},
  TITLE = {Failed {{Attempts}} to {{Establish IPM}} for {{Asian Cycad Scale}} and {{Coconut Rhinoceros Beetle}} on {{Guam}}},
  URL = {https://zenodo.org/record/2545065/files/Moore-Vancouver-2018.pdf},
  URLDATE = {2019-01-21},
  VENUE = {{Vancouver, Canada}},
}

@INPROCEEDINGS{moore_failure_2015,
  AUTHOR = {Moore, Aubrey and Pacific, Western},
  BOOKTITLE = {Pacific {{Entomology Conference}}},
  DATE = {2015},
  FILE = {/home/aubrey/Zotero/storage/CBENVEWS/pec2015-crb-failure.pdf},
  PAGES = {1--2},
  TITLE = {Failure {{Analysis}} of the {{Guam Coconut Rhinoceros Beetle Eradication Project Aubrey Moore Western Pacific Tropical Research Center}}},
}

@ARTICLE{moore_field_2012,
  AUTHOR = {Moore, Aubrey},
  DATE = {2012},
  FILE = {/home/aubrey/Zotero/storage/PNVH5NDJ/Moore - 2012 - Field Cage Experiment Escape Test.pdf},
  PAGES = {1--3},
  TITLE = {Field {{Cage Experiment}}: {{Escape Test}}},
}

@ARTICLE{moore_final_2014,
  AUTHOR = {Moore, Aubrey},
  DATE = {2014},
  NUMBER = {20140709},
  TITLE = {Final {{Report}} for {{APHIS Biocontrol Grant}}: {{Entomopathogenic Virus}} for {{Biological Control}} of {{Coconut Rhinoceros Beetle}} on {{Guam}}},
  URL = {http://guaminsects.net/anr/sites/default/files/final_July14-CRB},
}

@REPORT{moore_final_2015,
  AUTHOR = {Moore, Aubrey and Marshall, Sean},
  DATE = {2015},
  FILE = {/home/aubrey/Zotero/storage/8HDN2EXF/APHIS-biocontrol-final-report-December2015.pdf},
  KEYWORDS = {Metarhizium,OrNV},
  TITLE = {Final {{Report}} for {{USDA}}-{{APHIS Biocontrol Project}} 13-8515-1555-{{CA}}: {{Efficacy}} of {{Entomopathogenic Fungus}} for {{Biological Control}} of {{Coconut Rhinoceros Beetle}} ({{CRB}}) on {{Guam}} and {{DNA Profiling}} of {{Asia}}/{{Pacific CRB Populations}} with {{Respect}} to {{Virus Susceptibility}}},
  URL = {https://github.com/aubreymoore/miscellaneous-files/blob/master/APHIS-biocontrol-final-report-December2015.pdf},
}

@REPORT{moore_final_2019,
  AUTHOR = {Moore, Aubrey},
  DATE = {2019-10-20},
  INSTITUTION = {{University of Guam}},
  TITLE = {Final {{Report}} for {{USDA APHIS Grant AP17PPQFO000C312}}: {{Coconut Rhinoceros Beetle Biological Control}}},
  URL = {https://github.com/aubreymoore/FB17-Final-Report/raw/master/report.pdf},
}

@ARTICLE{moore_following_2015,
  AUTHOR = {Moore, Aubrey},
  DATE = {2015},
  FILE = {/home/aubrey/Zotero/storage/ZNDQKMW2/newfile2.pdf},
  ISSUE = {May},
  PAGES = {1--3},
  TITLE = {Following {{Radio Tagged Rhino Beetles}} to {{Discover Breeding Sites}}},
}

@ARTICLE{moore_funnel_2008,
  AUTHOR = {Moore, Aubrey and {Roland Quitugua}},
  DATE = {2008},
  FILE = {/home/aubrey/Zotero/storage/RPJ2JTMH/FunnelTest.pdf},
  PAGES = {1--10},
  TITLE = {Funnel {{Test}}},
}

@ARTICLE{moore_funnels_2014,
  AUTHOR = {Moore, Aubrey and Quitugua, Roland},
  DATE = {2014},
  TITLE = {Funnels {{Added}} to {{Pan Traps Increase Catch}}},
  URL = {http://guaminsects.net/anr/sites/default/files/FunnelTest.pdf},
}

@ARTICLE{moore_generating_2015,
  AUTHOR = {Moore, Aubrey},
  DATE = {2015},
  KEYWORDS = {cfes2015,crbtechreport},
  TITLE = {Generating a {{Trap Map Animation}}},
  URL = {http://nbviewer.ipython.org/url/guaminsects.net/anr/sites/default/files/trapMapViz.ipynb},
}

@ARTICLE{moore_guam_2012,
  AUTHOR = {Moore, Aubrey},
  DATE = {2012},
  FILE = {/home/aubrey/Zotero/storage/P77MNGSP/Moore - 2012 - Guam Coconut Rhinoceros Beetle Eradication Project Technical Note Using QGIS to Detect Georeferencing Errors in an Online.pdf},
  PAGES = {1--6},
  TITLE = {Guam {{Coconut Rhinoceros Beetle Eradication Project Technical Note}}: {{Using QGIS}} to {{Detect Georeferencing Errors}} in an {{Online MySQL Database}}},
}

@REPORT{moore_guam_2012-1,
  AUTHOR = {Moore, Aubrey},
  DATE = {2012},
  FILE = {/home/aubrey/Zotero/storage/D7SNKSHW/Moore - 2012 - Guam Coconut Rhinoceros Beetle Eradication Project Semiannual Report for USDA APHIS Grant 11-8510-1123-CA Performance Per.pdf},
  TITLE = {Guam {{Coconut Rhinoceros Beetle Eradication Project}}: {{Semiannual Report}} for {{USDA APHIS Grant}} 11-8510-1123-{{CA}}; {{Performance Period}}: {{January}} - {{July}}, 2012},
}

@REPORT{moore_guam_2012-2,
  AUTHOR = {Moore, Aubrey},
  DATE = {2012},
  FILE = {/home/aubrey/Zotero/storage/F3RAEMJC/Moore - 2012 - Guam Coconut Rhinoceros Beetle Biological Control Project Semiannual Report for USDA APHIS Grant Performance Period June.pdf},
  PAGES = {1--3},
  TITLE = {Guam {{Coconut Rhinoceros Beetle Biological Control Project}}: {{Semiannual Report}} for {{USDA APHIS Grant Performance Period}} : {{June}} - {{December}}, 2012},
  URL = {http://guaminsects.net/anr/sites/default/files/Moore},
}

@ARTICLE{moore_guam_2014,
  AUTHOR = {Moore, Aubrey},
  DATE = {2014},
  KEYWORDS = {cfes2015,crbtechreport},
  TITLE = {Guam {{CRB}} Project Payroll Simulation},
  URL = {http://nbviewer.ipython.org/url/guaminsects.net/anr/sites/default/files/CRB Payroll.ipynb},
}

@REPORT{moore_guam_2018,
  AUTHOR = {Moore, Aubrey},
  DATE = {2018-02-27},
  DOI = {10.5281/zenodo.1185371},
  FILE = {/home/aubrey/Zotero/storage/AQWRISCI/Aubrey Moore - 2018 - The Guam Coconut Rhinoceros Beetle Problem Past, .pdf},
  INSTITUTION = {{Zenodo}},
  SHORTTITLE = {The {{Guam Coconut Rhinoceros Beetle Problem}}},
  TITLE = {The {{Guam Coconut Rhinoceros Beetle Problem}}: {{Past}}, {{Present}} and {{Future}}},
  URL = {https://zenodo.org/record/1185371#.W4Dolh9fhhE},
  URLDATE = {2018-08-25},
}

@MISC{moore_guam_2019,
  AUTHOR = {Moore, Aubrey},
  DATE = {2019-06-27},
  KEYWORDS = {press},
  TITLE = {Guam {{NewsTalk}} {{Radio K57}}: {{Man}}, {{Land}} and {{Sea Program}}: {{Invasive Species}} on {{Guam}}},
  URL = {https://www.facebook.com/guam.biosec/posts/thanks-to-dave-duenas-of-man-land-and-sea-for-hosting-us-on-k57-tonight-90-minut/420937051832311/},
}

@ARTICLE{moore_harvesting_2015,
  AUTHOR = {Moore, Aubrey and Quitugua, Roland},
  DATE = {2015},
  KEYWORDS = {cfes2015,crbtechreport},
  TITLE = {Harvesting Data from the {{EpiCollect CRB}}-{{TALAYA Project}}},
  URL = {http://nbviewer.ipython.org/url/guaminsects.net/anr/sites/default/files/crb_talaya.ipynb},
}

@ARTICLE{moore_harvesting_2015-1,
  AUTHOR = {Moore, Aubrey and Quitugua, Roland},
  DATE = {2015},
  TITLE = {Harvesting Data from the {{EpiCollect CRB}}\_{{TALAYA Project}}},
  URL = {http://nbviewer.ipython.org/url/guaminsects.net/anr/sites/default/files/crb_talaya.ipynb},
}

@ARTICLE{moore_harvesting_2015-2,
  AUTHOR = {Moore, Aubrey},
  DATE = {2015},
  KEYWORDS = {cfes2015,crbtechreport},
  TITLE = {Harvesting Data from the {{EpiCollect}} Crb-Yigo-Barrel-Epicollect {{Project}}},
  URL = {http://nbviewer.ipython.org/url/guaminsects.net/anr/sites/default/files/crb_yigo_barrel_epicollect.ipynb},
}

@ARTICLE{moore_harvesting_2015-3,
  AUTHOR = {Moore, Aubrey},
  DATE = {2015},
  TITLE = {Harvesting Data from the {{EpiCollect}} Crb\_yigo\_barrel\_epicollect {{Project}}},
  URL = {http://nbviewer.ipython.org/url/guaminsects.net/anr/sites/default/files/crb_yigo_barrel_epicollect.ipynb},
}

@UNPUBLISHED{moore_impact_2017-1,
  AUTHOR = {Moore, Aubrey},
  DATE = {2017-10-26},
  EVENTTITLE = {Guam {{Extension}} and {{Outreach Climate Forum}}},
  KEYWORDS = {presentation2017},
  TITLE = {Impact of Climate Change on Coconut Rhinoceros Beetle Outbreaks in the {{Pacific}}},
  URL = {https://github.com/aubreymoore/crb-climate-change/raw/master/crb-climate-connection.pdf},
  VENUE = {{Guam}},
}

@ARTICLE{moore_improved_2013,
  AUTHOR = {Moore, Aubrey},
  DATE = {2013},
  TITLE = {Improved Pheromone Traps for Coconut Rhinoceros Beetle},
  URL = {http://guaminsects.net/anr/sites/default/files/improvedPheromoneTraps.pdf},
}

@ARTICLE{moore_improved_2014,
  AUTHOR = {Moore, Aubrey},
  DATE = {2014},
  FILE = {/home/aubrey/Zotero/storage/VA8CCIU8/improved-traps-coconut.pdf},
  TITLE = {Improved Traps for the Coconut Rhinoceros Beetle , {{Oryctes}} Rhinoceros {{Mark}}-{{Release}}-{{Recapture}}},
}

@INPROCEEDINGS{moore_improved_2014-1,
  AUTHOR = {Moore, Aubrey and Quitugua, Roland and Siderhurst, Mattew and Jang, Eric},
  BOOKTITLE = {Entomological {{Society}} of {{America}}},
  DATE = {2014},
  KEYWORDS = {cfes2015,crbtechreport,presentation},
  TITLE = {Improved Traps for the Coconut Rhinoceros Beetle, {{Oryctes}} Rhinoceros},
  URL = {http://guaminsects.net/anr/sites/default/files/Moore_1957_2.pdf},
}

@ARTICLE{moore_improved_2015,
  AUTHOR = {Moore, Aubrey and Quitugua, Roland},
  DATE = {2015},
  FILE = {/home/aubrey/Zotero/storage/5VPE48V2/rotary-improved-traps(2).pdf;/home/aubrey/Zotero/storage/8UCKD6CK/rotary-improved-traps(1).pdf;/home/aubrey/Zotero/storage/KNU4NGQ9/pec2015-improved-traps.pdf;/home/aubrey/Zotero/storage/Z72UMQWS/rotary-improved-traps.pdf},
  ISSUE = {April 2015},
  PAGES = {1--32},
  TITLE = {Improved Traps for the Coconut Rhinoceros Beetle , {{Oryctes}} Rhinoceros {{Introduction Pheromone Traps Ultraviolet}} Light Emitting Diodes ( {{UVLEDs}} ) {{Tekken Fish Net Traps Mark}}-{{Release}}-{{Recapture}}},
}

@ARTICLE{moore_judas_2017-1,
  AUTHOR = {Moore, Aubrey and Barahona, Diego C. and Lehman, Katherine A. and Skabeikis, Dominick A. and Iriarte, Ian R. and Jang, Eric B. and Siderhurst, Mattew S.},
  DATE = {2017},
  DOI = {https://doi.org/10.1093/ee/nvw152},
  FILE = {/home/aubrey/Zotero/storage/CKEHRDZQ/Moore et al. - 2017 - Judas beetles Discovering cryptic breeding sites .pdf},
  JOURNALTITLE = {Journal of Environmental Entomology},
  KEYWORDS = {publication2017},
  NUMBER = {1},
  PAGES = {92--99},
  TITLE = {Judas Beetles: {{Discovering}} Cryptic Breeding Sites by Radio-Tracking Coconut Rhinoceros Beetles, {{Oryctes}} Rhinoceros ({{Coleoptera}}: {{Scarabaeidae}})},
  VOLUME = {46},
}

@ARTICLE{moore_man_2009-2,
  AUTHOR = {Moore, Aubrey},
  DATE = {2009},
  JOURNALTITLE = {Pacific Daily News},
  TITLE = {Man, {{Land}} and {{Sea}}: {{Guam}}'s {{Rhino Hunters}}},
  URL = {http://www.guampdn.com/guampublishing/special-sections/ManLandSea/index.html},
}

@ARTICLE{moore_minibucket_2014,
  AUTHOR = {Moore, Aubrey},
  DATE = {2014},
  TITLE = {Minibucket Test},
  URL = {http://guaminsects.net/anr/sites/default/files/CRB2014-01-16.pdf},
}

@ARTICLE{moore_minibucket_2014-1,
  AUTHOR = {Moore, Aubrey},
  DATE = {2014},
  TITLE = {Minibucket Escape Test},
  URL = {http://guaminsects.net/anr/sites/default/files/CRB2014-01-17.pdf},
}

@ARTICLE{moore_movement_2016,
  AUTHOR = {Moore, Aubrey and Quitugua, Roland and Iriarte, Ian and Melzer, Michael and Watanabe, Shizu and Cheng, Zhiqiang and Barnes, Jathan Muna},
  DATE = {2016-12-12},
  FILE = {/home/aubrey/Zotero/storage/2TQUXA5Y/Moore et al. - 2016 - Movement of Packaged Soil Products as a Dispersal .pdf;/home/aubrey/Zotero/storage/2DGAKILR/42743.html},
  ISSN = {0073-134X},
  JOURNALTITLE = {Proceedings of the Hawaiian Entomological Society},
  LANGID = {american},
  PAGES = {21--22},
  SHORTTITLE = {Movement of {{Packaged Soil Products}} as a {{Dispersal Pathway}} for {{Coconut Rhinoceros Beetle}}, {{Oryctes}} Rhinoceros ({{Coleoptera}}},
  TITLE = {Movement of {{Packaged Soil Products}} as a {{Dispersal Pathway}} for {{Coconut Rhinoceros Beetle}}, {{Oryctes}} Rhinoceros ({{Coleoptera}}: {{Scarabaeidae}}) and {{Other Invasive Species}}},
  URL = {http://scholarspace.manoa.hawaii.edu/handle/10125/42743},
  URLDATE = {2016-12-19},
  VOLUME = {48},
}

@ARTICLE{moore_netted_2015,
  AUTHOR = {Moore, Aubrey and Quitugua, Roland and Iriarte, Ian},
  DATE = {2015},
  KEYWORDS = {cfes2015,crbtechreport},
  TITLE = {Netted {{Panel Traps}} to {{Test}} If {{CRB}} Are {{Deflected}}},
  URL = {http://nbviewer.ipython.org/url/guaminsects.net/anr/sites/default/files/Netted Panel Traps Experiment to See if CRB are Deflected.ipynb},
}

@ONLINE{moore_open_2019,
  AUTHOR = {Moore, Aubrey},
  DATE = {2019-10-12},
  TITLE = {Open {{Science Framework}}: {{Digital Image Analysis}} for {{Detection}} of {{CRB Damage}} in {{Videos}}},
  URL = {https://osf.io/czr8t/?view_only=cdec7cc47b514b31b33115113193a2d4},
}

@ARTICLE{moore_ornv_2015,
  AUTHOR = {Moore, Aubrey and Iriarte, Ian and Quitugua, Roland},
  DATE = {2015},
  FILE = {/home/aubrey/Zotero/storage/2G7CUD97/template.pdf;/home/aubrey/Zotero/storage/46WJQAXV/wb1.pdf},
  PAGES = {1--2},
  TITLE = {{{OrNV Witches Brew Experiment}} : {{A Last Ditch Attempt}} to {{Find Virus Pathogenetic}} for the {{Guam Cocoonut Rhinoceros Beetle Genotype}}},
  VOLUME = {10},
}

@ARTICLE{moore_oryctalure_2015,
  AUTHOR = {Moore, Aubrey and Siderhurst, Mattew},
  DATE = {2015},
  KEYWORDS = {cfes2015,crbtechreport},
  TITLE = {Oryctalure Synergist Candidates Field Trial},
  URL = {http://nbviewer.ipython.org/url/guaminsects.net/anr/sites/default/files/Oryctalure synergists field trial.ipynb},
}

@ARTICLE{moore_oryctes_2015,
  AUTHOR = {Moore, Aubrey},
  DATE = {2015},
  FILE = {/home/aubrey/Zotero/storage/9QJDTFWK/aphis_biocontrol(5).pdf},
  PAGES = {1--4},
  TITLE = {Oryctes {{Nudivirus}} for {{Biocontrol}} of the {{Guam Biotype}} of the {{Coconut Rhinoceros Beetle}}},
}

@INPROCEEDINGS{moore_overview_2014,
  AUTHOR = {Moore, Aubrey and Quitugua, Roland},
  BOOKTITLE = {Hawaii {{CRB Incident Command Meeting}}},
  DATE = {2014},
  KEYWORDS = {cfes2015,presentation},
  TITLE = {Overview of the {{Guam}} Coconut Rhinoceros Beetle Eradication Project},
  URL = {http://guaminsects.net/presentations/CRB-Hawaii-ICS-Jan-2014.pdf},
}

@ARTICLE{moore_overview_2014-1,
  AUTHOR = {Moore, Aubrey and Quitugua, Roland},
  DATE = {2014},
  FILE = {/home/aubrey/Zotero/storage/AZEBPTJB/CRB-Hawaii-ICS-Jan-2014(1).pdf;/home/aubrey/Zotero/storage/HV7ZSDH8/GuamCRB_Update_GISC20120215.pdf},
  TITLE = {Overview of the {{Guam Coconut Rhinoceros Beetle First Coconut Rhinoceros Beetle Collected}} on {{Guam}} 11-{{Sep}}-2007 , {{Tumon Bay}}},
}

@REPORT{moore_pacific_2015,
  AUTHOR = {Moore, Aubrey},
  DATE = {2015},
  FILE = {/home/aubrey/Zotero/storage/Z7E87CD9/CRBpressRelease.pdf},
  TITLE = {Pacific {{Island Entomologists}} Are {{Worried About}} a {{New Type}} of {{Coconut Rhinoceros Beetle Discovered}} on {{Guam}}},
}

@ARTICLE{moore_plan_2012,
  AUTHOR = {Moore, Aubrey},
  DATE = {2012},
  FILE = {/home/aubrey/Zotero/storage/FANEX572/Moore - 2012 - Plan for the USDA-Forestry Service Grant.pdf},
  PAGES = {1--14},
  TITLE = {Plan for the {{USDA}}-{{Forestry Service Grant}}},
}

@ARTICLE{moore_plastic_2014,
  AUTHOR = {Moore, Aubrey},
  DATE = {2014},
  TITLE = {Plastic Top Catch Test},
  URL = {http://guaminsects.net/anr/sites/default/files/CRB2014-01-12B.pdf},
}

@ARTICLE{moore_progress_2014,
  AUTHOR = {Moore, Aubrey},
  DATE = {2014},
  TITLE = {Progress {{Report}}: {{Development}} of {{Integrated Pest Management}} for {{Coconut Rhinoceros Beetle}} on {{Guam}}},
  URL = {http://guaminsects.net/anr/sites/default/files/FS-CRB-Report-Sep-2014.pdf},
}

@REPORT{moore_progress_2019,
  AUTHOR = {Moore, Aubrey},
  DATE = {2019-03-25},
  FILE = {/home/aubrey/Zotero/storage/IMIHN2JP/Moore - 2019 - Progress Report 3 for USDA-APHIS Grant AP17PPQFO00.pdf},
  INSTITUTION = {{University of Guam}},
  PAGES = {165},
  TITLE = {Progress {{Report}} 3 for {{USDA}}-{{APHIS Grant AP17PPQFO000C312}}: {{Coconut Rhinoceros Beetle Biological Control}}},
}

@ONLINE{moore_progress_2019-1,
  AUTHOR = {Moore, Aubrey},
  DATE = {2019-10-14},
  TITLE = {Progress {{Report}} 2 for {{Farm Bill FY18 Grant}}: {{Coconut Rhinoceros Beetle Biological Control}}},
  URL = {https://github.com/aubreymoore/FB18-Report-2/raw/master/report.pdf},
}

@MISC{moore_progress_2020,
  AUTHOR = {Moore, Aubrey},
  DATE = {2020},
  TITLE = {Progress {{Report}} 1 for {{USDA}}-{{APHIS}}-{{PPA19 Grant}}: {{Coconut Rhinonceros Beetle Biocontrol}}},
  URL = {https://github.com/aubreymoore/FY19-PPA-Report-1/blob/master/PPA19-report-1.pdf},
}

@ARTICLE{moore_protecting_2015,
  AUTHOR = {Moore, Aubrey and Quitugua, Roland},
  DATE = {2015},
  KEYWORDS = {cfes2015,crbtechreport},
  TITLE = {Protecting {{Coconut Palms}} from {{CRB Damage Using Fish Gill Netting}}},
  URL = {http://nbviewer.ipython.org/url/guaminsects.net/anr/sites/default/files/Netted},
}

@ARTICLE{moore_relative_2014,
  AUTHOR = {Moore, Aubrey},
  DATE = {2014},
  FILE = {/home/aubrey/Zotero/storage/JQZJV9DG/Moore - 2014 - DRAFT Relative Attractiveness of White and Ultraviolet Light Emitting Diodes Plus Oryctalure Prepared by.pdf},
  NUMBER = {V},
  PAGES = {1--7},
  TITLE = {Relative Attractiveness of White and Ultraviolet Light Emitting Diodes plus Oryctalure},
  URL = {http://guaminsects.net/anr/sites/default/files/LEDcolor_0.pdf},
}

@INPROCEEDINGS{moore_report_2015,
  AUTHOR = {Moore, Aubrey},
  BOOKTITLE = {Pacific {{Plant Protection Organization}}},
  DATE = {2015},
  TITLE = {A Report on the {{Guam}} Coconut Rhinoceros Beetle Infestation},
}

@REPORT{moore_research_2011,
  AUTHOR = {Moore, Aubrey},
  DATE = {2011},
  FILE = {/home/aubrey/Zotero/storage/3G82WUCU/Moore - 2011 - Research in Support of the Guam Coconut Rhinoceros Beetle Eradication Project SPLAT Bioassay 1 Toxicity of SPLAT Contain.pdf;/home/aubrey/Zotero/storage/VKMH7QNS/Moore - 2011 - Research in Support of the Guam Coconut Rhinoceros Beetle Eradication ProjectSPLAT Bioassay 2 Attractivity of SPLAT Cont.pdf},
  PAGES = {1--2},
  TITLE = {Research in {{Support}} of the {{Guam Coconut Rhinoceros Beetle Eradication Project}}:{{SPLAT Bioassay}} 2 : {{Attractivity}} of {{SPLAT Containing}} 5 \% {{Cypermethrin}} to {{Adult Coconut Rhinoceros Beetles}}},
}

@REPORT{moore_research_2011-1,
  AUTHOR = {Moore, Aubrey},
  DATE = {2011},
  PAGES = {1--5},
  TITLE = {Research in {{Support}} of the {{Guam Coconut Rhinoceros Beetle Eradication Project}}: {{RB}}-{{SPLAT}}-{{Cypermethrin Attracticide Large Field Cage Experiment}} 2},
}

@REPORT{moore_research_2012,
  AUTHOR = {Moore, Aubrey},
  DATE = {2012},
  FILE = {/home/aubrey/Zotero/storage/V3D3S7P7/Moore - 2012 - Research in Support of the Guam Coconut Rhinoceros Beetle Eradication Project Field Cage Experiment New Lure vs Depleted.pdf},
  PAGES = {1--8},
  TITLE = {Research in {{Support}} of the {{Guam Coconut Rhinoceros Beetle Eradication Project}}: {{Field Cage Experiment}}: {{New Lure}} vs {{Depleted Lure}}},
}

@REPORT{moore_research_2012-1,
  AUTHOR = {Moore, Aubrey and Gross, Jessica},
  DATE = {2012},
  FILE = {/home/aubrey/Zotero/storage/NSTWFGGK/Moore, Gross - 2012 - Research in Support of the Guam Coconut Rhinoceros Beetle Eradication Project Rhodamine WT as a Tracer Dye to Quan.pdf},
  PAGES = {6--8},
  TITLE = {Research in {{Support}} of the {{Guam Coconut Rhinoceros Beetle Eradication Project}}: {{Rhodamine WT}} as a {{Tracer Dye}} to {{Quantify How Much SPLAT Attracticide}} Is {{Picked Up}} by {{Adult Rhino Beetles During Brief Tarsal Contact}}},
}

@ARTICLE{moore_rhino_2014,
  AUTHOR = {Moore, Aubrey and Quitugua, Roland},
  DATE = {2014},
  KEYWORDS = {cfes2015,coconut rhinoceros beetle,crbtechreport,presentation},
  TITLE = {Rhino {{Beetle Presentation}} for {{Hawaii ICS}} - {{January}}, 2014},
  URL = {http://guaminsects.net/presentations/CRB-Hawaii-ICS-Jan-2014.pdf},
}

@REPORT{moore_semiannual_2012,
  AUTHOR = {Moore, Aubrey},
  DATE = {2012},
  FILE = {/home/aubrey/Zotero/storage/A4STQQFB/semiannual CRB APHIS JUL-DEC 2011.pdf},
  TITLE = {Semiannual {{Report}} for {{USDA APHIS Grant}} 11-8510-1123-{{CA}}; {{Performance Period}}: {{July}} - {{December}}, 2011},
}

@ARTICLE{moore_solar_2013,
  AUTHOR = {Moore, Aubrey},
  DATE = {2013},
  FILE = {/home/aubrey/Zotero/storage/WSD6WFMT/Moore - 2013 - Solar Powered Ultraviolet Light Emitting Diode for CRB Pheromone Traps Prepared by.pdf;/home/aubrey/Zotero/storage/Z5FZDSD3/solarUVLED_0.pdf},
  NUMBER = {29},
  PAGES = {1--5},
  TITLE = {Solar {{Powered Ultraviolet Light Emitting Diode}} for {{CRB Pheromone Traps Prepared}} By},
}

@ARTICLE{moore_standard_2015,
  AUTHOR = {Moore, Aubrey},
  DATE = {2015},
  KEYWORDS = {cfes2015,crbtechreport},
  TITLE = {Standard {{CRB Pheromone Traps Catch More Females Than Males}}},
  URL = {http://nbviewer.ipython.org/url/guaminsects.net/anr/sites/default/files/CRB-sex-ratio.ipynb},
}

@UNPUBLISHED{moore_status_2019,
  AUTHOR = {Moore, Aubrey},
  DATE = {2019-11-11},
  EDITORA = {Grasela, James J. and Marshall, Sean D. G.},
  EDITORATYPE = {collaborator},
  EVENTTITLE = {{{XIX International Plant Protection Congress}}},
  TITLE = {Status of a {{Major Outbreak}} of {{Coconut Rhinoceros Beetle}},. {{Oryctes}} Rhinoceros Biotype {{G}}, on {{Guam}} and {{Attempts}} at {{Establishing Biological Control}}},
  URL = {https://github.com/aubreymoore/IAPPS-2019-Presentation/raw/master/Moore_IAPPS-2019.odp},
  VENUE = {{Hyderabad, India}},
}

@ARTICLE{moore_taiwanese_2015,
  AUTHOR = {Moore, Aubrey and Quitugua, Roland},
  DATE = {2015},
  KEYWORDS = {cfes2015,crbtechreport},
  TITLE = {Taiwanese {{Gill Net Escape Test}}},
  URL = {http://nbviewer.ipython.org/url/guaminsects.net/anr/sites/default/files/Taiwanese Gill Net Escape Test.ipynb},
}

@REPORT{moore_technical_2019,
  AUTHOR = {Moore, Aubrey},
  DATE = {2019-09},
  PAGES = {2},
  TITLE = {Technical {{Notes}} for the {{Pohnpei CRB Emergency Response Plan}}},
  TYPE = {Technical Report},
  URL = {https://www.overleaf.com/project/5d86a48d21df820001d1edec},
}

@ARTICLE{moore_test_2014,
  AUTHOR = {Moore, Aubrey and Quitugua, Roland},
  DATE = {2014},
  FILE = {/home/aubrey/Zotero/storage/3HATZFHC/FishNetTest.pdf},
  PAGES = {1--17},
  TITLE = {Test of {{Netting}} as a {{Physical Barrier}} for {{CRB Adults}}},
  URL = {http://guaminsects.net/anr/sites/default/files/FishNetTest.pdf},
}

@ARTICLE{moore_test_2014-1,
  AUTHOR = {Moore, Aubrey and Quitugua, Roland},
  DATE = {2014},
  TITLE = {Test of {{Baffles}} to {{Prevent Escape}} from {{Pan Traps}}},
  URL = {http://nbviewer.ipython.org/url/guaminsects.net/anr/sites/default/files/Baffle Escape Test.ipynb},
}

@VIDEO{moore_training_2019,
  DATE = {2019-07-26},
  EDITOR = {Moore, Aubrey},
  EDITORTYPE = {director},
  TITLE = {Training an {{Object Detector}} to {{Locate Coconut Palms Damaged}} or {{Killed}} by {{Coconut Rhinoceros Beetle}}},
  URL = {https://www.youtube.com/watch?v=zzSorqcmt9U},
  URLDATE = {2019-10-09},
}

@ARTICLE{moore_trap_2015,
  AUTHOR = {Moore, Aubrey},
  DATE = {2015},
  KEYWORDS = {cfes2015,crbtechreport},
  TITLE = {Trap {{Thinning}}},
  URL = {http://nbviewer.ipython.org/url/guaminsects.net/anr/sites/default/files/Trap},
}

@INPROCEEDINGS{moore_update_2011,
  AUTHOR = {Moore, Aubrey},
  BOOKTITLE = {Western {{Micronesia Invasive Species Committee Annual Meeting}}},
  DATE = {2011},
  FILE = {/home/aubrey/Zotero/storage/FU8R3XSM/Moore - 2011 - Research in Support of the Guam Coconut Rhinoceros Beetle Eradication Project Oryctes Virus Bioassay 2.pdf;/home/aubrey/Zotero/storage/KB4PRABM/FS2013proposal_0(1).pdf;/home/aubrey/Zotero/storage/MVDTC97U/FS2013preproposal.pdf},
  PAGES = {2--3},
  TITLE = {Update on the {{Guam}} Coconut Rhinoceros Beetle Eradication Project},
}

@ARTICLE{moore_usda-forest_2016,
  AUTHOR = {Moore, Aubrey},
  DATE = {2016},
  FILE = {/home/aubrey/Zotero/storage/C9T6IPUK/proposal.pdf},
  NUMBER = {3},
  PAGES = {1--11},
  TITLE = {{{USDA}}-{{Forest Service Project Proposal}}},
}

@ARTICLE{moore_using_2012,
  AUTHOR = {Moore, Aubrey},
  DATE = {2012},
  TITLE = {Using {{QGIS}} to {{Detect Georeferencing Errors}} in an {{Online MySQL Database}}},
  URL = {http://guaminsects.net/anr/sites/default/files/GeorefErrors.pdf},
}

@ARTICLE{moore_visualization_2014,
  AUTHOR = {Moore, Aubrey},
  DATE = {2014},
  FILE = {/home/aubrey/Zotero/storage/JB9XVAW4/trapMaps_2.pdf;/home/aubrey/Zotero/storage/NTFR2XMX/Moore - 2014 - Visualization of Trap Catch Data.pdf},
  TITLE = {Visualization of {{Trap Catch Data}}},
}

@ARTICLE{moore_visualization_2015,
  AUTHOR = {Moore, Aubrey},
  DATE = {2015},
  FILE = {/home/aubrey/Zotero/storage/B88N7Z5M/template(2).pdf},
  TITLE = {Visualization of {{Pan Trap Data}} at the {{University}} of {{Guam Yigo Agricultural Experiment Station}}},
}

@ONLINE{moore_web_2019,
  AUTHOR = {Moore, Aubrey},
  DATE = {2019},
  FILE = {/home/aubrey/Zotero/storage/4BHYH6QG/mymap.html},
  TITLE = {Web {{Page}}: {{Online}} Interactive Map of Coconut Rhinoceros Beetle Invasion History},
  URL = {http://aubreymoore.github.io/crbdist/mymap.html},
  URLDATE = {2019-05-28},
}

@ARTICLE{moore_yigo_2014,
  AUTHOR = {Moore, Aubrey and Quitugua, Roland},
  DATE = {2014},
  TITLE = {Yigo Barrel Traps: Trap Catch Comparison between Pan and Minibucket Traps},
  URL = {http://nbviewer.ipython.org/github/aubreymoore/YigoBarrels/blob/master/YigoBarrels.ipynb},
}

@ARTICLE{moore_yigo_2015,
  AUTHOR = {Moore, Aubrey},
  DATE = {2015},
  KEYWORDS = {cfes2015,coconut rhinoceros beetle,crbtechreport},
  TITLE = {Yigo {{Palm Image Album}} 2015-01-04},
  URL = {http://nbviewer.ipython.org/url/guaminsects.net/anr/sites/default/files/Yigo Palm Image Album 2015-01-04.ipynb},
}

@ARTICLE{moslim_impact_1999,
  AUTHOR = {Moslim, Ramle and Wahid, Mohd Basri and Kamarudin, Norman and Sharma, Mukesh and Ali, Siti Ramlah Ahmad},
  DATE = {1999},
  FILE = {/home/aubrey/Zotero/storage/NVSVKAC4/Moslim et al. - 1999 - Impact of Metarhizium anisopliae (Deuteromycotina Hyphomycetes) applied by wet and dry inoculum on oil palm rhino.pdf},
  JOURNALTITLE = {Journal of Oil Palm Research},
  KEYWORDS = {Beetles,field application,inoculum,Metarhizium anisopliae,otyctes rhinoceros,rhinoceros,wet and dried},
  NUMBER = {2},
  PAGES = {25--40},
  TITLE = {Impact of {{Metarhizium}} Anisopliae ({{Deuteromycotina}}: {{Hyphomycetes}}) Applied by Wet and Dry Inoculum on Oil Palm Rhinoceros Beetles, {{Oryctes}} Rhinoceros ({{Coleoptera}}: {{Scarabaeidae}})},
  VOLUME = {II},
}

@ARTICLE{moslim_use_2014,
  AUTHOR = {Moslim, Ramle and Kamarudin, Norman},
  DATE = {2014},
  FILE = {/home/aubrey/Zotero/storage/6WGKKRA3/joprv26jun2014-ramle1.pdf},
  ISSUE = {June},
  KEYWORDS = {13 march 2014,2 july 2013,26 february 2014,27 may 2013,accepted,blastospores,conidia,date received,major,metarhizium anisopliae var,Oryctes rhinoceros,palm kernel cake,received in final form,sent for revision},
  PAGES = {133--139},
  TITLE = {{{THE USE OF PALM KERNEL CAKE IN THE PRODUCTION OF CONIDIA AND BLASTOSPORES OF Metarhizium}} Anisopliae Var . Major {{FOR CONTROL OF Oryctes}} Rhinoceros},
  VOLUME = {26},
}

@ARTICLE{murali_gopal_control_2001,
  AUTHOR = {Murali Gopal, Alka Gupta and B. Sathiamma, C. P. Radhakrishnan Nair},
  DATE = {2001},
  FILE = {/home/aubrey/Zotero/storage/JHUUJ7K4/Gopal, M. et al. 2001.pdf},
  JOURNALTITLE = {International Journal of Tropical Insect Science},
  NUMBER = {2},
  PAGES = {93--101},
  TITLE = {Control of the Coconut Pest {{Oryctes}} Rhinoceros {{L}}. Using the {{Oryctes}} Virus},
  VOLUME = {21},
}

@ARTICLE{murali_gopal_opportunistic_2002,
  AUTHOR = {Murali Gopal, Alka Gupta},
  DATE = {2002},
  FILE = {/home/aubrey/Zotero/storage/4DKNH8I7/Gopal, M. Alka Gupta 2002.pdf},
  JOURNALTITLE = {Biocontrol Sci \& Technology},
  PAGES = {507--512},
  TITLE = {An {{Opportunistic Bacterial Pathogen}}, {{Pseudomonas}} Alcaligenes , {{May Limit}} the {{Perpetuation}} of {{Oryctes Virus}}, a {{Biocontrol Agent}} of {{Oryctes}} Rhinoceros {{L}}.},
  VOLUME = {12},
}

@ARTICLE{murali_gopal_opportunistic_2002-1,
  AUTHOR = {Murali Gopal, Alka Gupta},
  DATE = {2002},
  JOURNALTITLE = {Biocontrol Sci. \& Tech.},
  PAGES = {507--512},
  TITLE = {An {{Opportunistic Bacterial Pathogen}}, {{Pseudomonas}} Alcaligenes , {{May Limit}} the {{Perpetuation}} of {{Oryctes Virus}}, a {{Biocontrol Agent}} of {{Oryctes}} Rhinoceros {{L}}.},
  VOLUME = {12},
}

@ARTICLE{n.b.v._chalapathi_rao_management_2018,
  AUTHOR = {N.B.V. Chalapathi Rao, A. Snehalatharani and A. Nischala, G. Ramanandam and H.P. Maheswarappa},
  DATE = {2018},
  FILE = {/home/aubrey/Zotero/storage/ECM4GUHB/N.B.V. Chalapathi Rao et al 2018.pdf},
  JOURNALTITLE = {Journal of Plantation Crops},
  NUMBER = {2},
  PAGES = {124--127},
  TITLE = {Management of Rhinoceros Beetle ({{Oryctes}} Rhinoceros {{L}}.) by Biological Suppression with {{Oryctes}} Baculovirus in {{Andhra Pradesh}}},
  VOLUME = {46},
}

@REPORT{nafus_insect_1997,
  AUTHOR = {Nafus, Donald M},
  DATE = {1997},
  FILE = {/home/aubrey/Zotero/storage/44C62CH3/NAFUS - 1997 - An insect survey of the Federated States of Micronesia and Palau, SPC Tech. Paper 210.pdf},
  TITLE = {An Insect Survey of the {{Federated States}} of {{Micronesia}} and {{Palau}}, {{SPC Tech}}. {{Paper}} 210},
}

@ARTICLE{name_oryctes_2014,
  AUTHOR = {Name, Scientific and Name, Common and Position, Taxonomic and Description, Pest},
  DATE = {2014},
  FILE = {/home/aubrey/Zotero/storage/4GZB2WVQ/Oryctes rhinoceros datasheet_Palm_2014.pdf},
  PAGES = {1--14},
  TITLE = {Oryctes Rhinoceros {{Manual}}},
}

@ARTICLE{nazifa_tahir_recent_2011,
  AUTHOR = {Nazifa Tahir, Graham Brooker},
  DATE = {2011},
  FILE = {/home/aubrey/Zotero/storage/4VJEXR83/RecentDevelopment for harmonic radar.pdf},
  JOURNALTITLE = {Proceedings of the 5th European Conference on Antennas and Propagation (EUCAP)},
  TITLE = {Recent {{Developments}} and {{Recommendations}} for {{Improving Harmonic Radar Tracking Systems}}},
}

@ARTICLE{nicola_k._richards_primers_1999,
  AUTHOR = {NICOLA K. RICHARDS, TRAVIS R. GLARE and IOANE ALOALI’I, TREVOR A. JACKSON},
  DATE = {1999},
  FILE = {/home/aubrey/Zotero/storage/7TAN9M7B/Primers_for_the_detection_of_Oryctes_vir.pdf},
  JOURNALTITLE = {Molecular Ecology},
  PAGES = {1551--1561},
  TITLE = {Primers for the Detection of {{Oryctes}} Virus from {{Scarabaeidae}} ({{Coleoptera}})},
  VOLUME = {8},
}

@ARTICLE{noauthor_epizootiology_1981,
  DATE = {1981},
  JOURNALTITLE = {Journal of Invertebrate Pathology},
  NUMBER = {3},
  PAGES = {362--369},
  TITLE = {The Epizootiology of the Baculovirus of the Coconut Palm Rhinoceros Beetle ({{Oryctes}} Rhinoceros) in {{Tonga}}},
  VOLUME = {38},
}

@ONLINE{noauthor_green_nodate,
  FILE = {/home/aubrey/Zotero/storage/4UJP6ZX5/article_13850354-ce28-11e5-849f-e33b613c0bab.html},
  TITLE = {Green Waste from {{Typhoon Dolphin}} to Be Disposed of, Finally | {{Local News}} | Postguam.Com},
  URL = {http://www.postguam.com/news/local/green-waste-from-typhoon-dolphin-to-be-disposed-of-finally/article_13850354-ce28-11e5-849f-e33b613c0bab.html},
  URLDATE = {2016-02-09},
}

@REPORT{noauthor_notitle_nodate,
  TYPE = {report},
}

@REPORT{noauthor_notitle_nodate-1,
  TYPE = {report},
}

@UNPUBLISHED{noauthor_oryctes_1985,
  DATE = {1985},
  EVENTTITLE = {4th {{Australian Conference}} on {{Grassland Invertebrate Ecology}}},
  NOTE = {Crawford, A. M. Sheehan, C. M. King, P. D. Meekings, J.},
  TITLE = {Oryctes Baculovirus Infectivity for {{New Zealand}} Scarabs},
  TYPE = {Proceedings},
}

@ONLINE{noauthor_vanuatu_2019,
  DATE = {2019-06-19T13:16:37+12:00},
  FILE = {/home/aubrey/Zotero/storage/QX7PCC73/vanuatu-moves-to-combat-rhinoceros-beetle.html},
  JOURNALTITLE = {RNZ},
  LANGID = {newzealand},
  TITLE = {Vanuatu Moves to Combat {{Rhinoceros Beetle}}},
  URL = {https://www.rnz.co.nz/international/pacific-news/392413/vanuatu-moves-to-combat-rhinoceros-beetle},
  URLDATE = {2019-06-19},
}

@ONLINE{noauthor_zotero_nodate,
  FILE = {/home/aubrey/Zotero/storage/HWQZKXVP/511387.html},
  TITLE = {Zotero | {{Groups}} {$>$} {{CRB}}},
  URL = {https://www.zotero.org/groups/511387},
  URLDATE = {2016-04-17},
}

@ARTICLE{norman_hj_kamarudin_effects_2007,
  AUTHOR = {Norman Hj Kamarudin, Mohd Basri Wahid and Ramle Moslim, Siti Ramlah Ahmad Ali},
  DATE = {2007},
  FILE = {/home/aubrey/Zotero/storage/6WWJTWP6/Norman Hj Kamarudin et al. 2007.pdf},
  JOURNALTITLE = {J. Asia-Pacific Entomol.},
  NUMBER = {3},
  PAGES = {239--250},
  TITLE = {The {{Effects}} of {{Mortality}} and {{Influence}} of {{Pheromone Trapping}} on the {{Infestation}} of {{O}} r y c t e s r h i n o c e r o s in an {{Oil Palm Plantation}}},
  VOLUME = {10},
}

@ARTICLE{nur_ain_farhah_ros_saidon_khudri_replication_2016,
  AUTHOR = {NUR AIN FARHAH ROS SAIDON KHUDRI, WAHIZATUL AFZAN AZMI and NORMAN KAMARUDIN, SITI RAMLAH AHMAD ALI and RAMLE MOSLIM},
  DATE = {2016},
  FILE = {/home/aubrey/Zotero/storage/VUJSW4XA/Nur Ain Farhah Ros ---- et al 2016.pdf},
  JOURNALTITLE = {J. Oil Palm Research},
  NUMBER = {4},
  PAGES = {452--462},
  TITLE = {{{REPLICATION OF Oryctes NUDIVIRUS}} ({{OrNV}}) {{IN INSECT CELL LINE DSIR}}-{{HA}}-1179 {{AND ITS INFECTIVITY ON NEONATES OF RHINOCEROS BEETLE}}, {{Oryctes}} Rhinoceros},
  VOLUME = {28},
}

@ARTICLE{oehlschlager_current_2005,
  AUTHOR = {Oehlschlager, Cam and Oehlschlager, A C},
  DATE = {2005},
  FILE = {/home/aubrey/Zotero/storage/CXFZNRC8/Oehlschlager - 2005 - Current status of trapping palm weevils and beetles.pdf},
  JOURNALTITLE = {The Planter},
  NUMBER = {947},
  PAGES = {123--141},
  TITLE = {Current Status of Trapping Palm Weevils and Beetles},
  URL = {http://www.guaminsects.net/CRB/docs/Oehlschlager 2005 trapping palm weevils and beetles.pdf},
  VOLUME = {81},
}

@ARTICLE{otso_ovaskainen_tracking_2008,
  AUTHOR = {Otso Ovaskainen, Alan D. Smith and Juliet L. Osborne, Don R. Reynolds and Norman L. Carreck, Andrew P. Martinb and Kristjan Niitepold, Ilkka Hanski},
  DATE = {2008},
  FILE = {/home/aubrey/Zotero/storage/65DPI39F/Tracking butterfly movements.pdf},
  JOURNALTITLE = {PNAS},
  NUMBER = {49},
  PAGES = {19090--19095},
  TITLE = {Tracking Butterfly Movements with Harmonic Radar Reveals an Effect of Population Age on Movement Distance},
  VOLUME = {105},
}

@ARTICLE{p._ferron_susceptibility_1975,
  AUTHOR = {P. FERRON,, P. H. ROBERT and ANNICK DEOTTE},
  DATE = {1975},
  FILE = {/home/aubrey/Zotero/storage/87633NN7/Robert, Ferron - 1975.pdf},
  JOURNALTITLE = {JOURNAL OF INVERTEBRATE PATHOLOGY},
  PAGES = {313--319},
  TITLE = {Susceptibility of {{Oryctes}} Rhinoceros {{Adults}} to {{M}} Etarrhizium Anisopliae},
  VOLUME = {25},
}

@ARTICLE{p._monsarrat_evidence_1976,
  AUTHOR = {P. MONSARRAT, J. C. VEYRUNES},
  DATE = {1976},
  FILE = {/home/aubrey/Zotero/storage/X9INXSKK/Monsarrat, P & Veyrunes, J.C. 1976.pdf},
  JOURNALTITLE = {J. Invertebrate Pathology},
  PAGES = {387--389},
  TITLE = {Evidence of {{Oryctes Virus}} in {{Adult Feces}} and {{New Data}} for {{Virus Characterization}}},
  VOLUME = {27},
}

@REPORT{p._subramanian_coconut_2018,
  AUTHOR = {P. SUBRAMANIAN, C. THAMBAN and VINAYAKA HEGDE, K.B. HEBBAR and RAVI BHAT, V. KRISHNAKUMAR and V. NIRAL, A. JOSEPHRAJKUMAR},
  DATE = {2018},
  FILE = {/home/aubrey/Zotero/storage/9U2FH5VN/Coconut English Tech. Bultn.No.133.pdf},
  NUMBER = {COCONUT, Technical Bulletin No. 133, ICAR-CPCRI, Kasaragod, 56 p},
  TITLE = {Coconut},
}

@REPORT{pallipparambil_new_2015,
  AUTHOR = {Pallipparambil, Godshen},
  DATE = {2015},
  FILE = {/home/aubrey/Zotero/storage/WNPAN3W5/NPRG Oryctes rhinoceros.pdf},
  INSTITUTION = {{United States Department of Agriculture - Animal and Plant Health Inspection Service - Plant Protection and Quarantine}},
  PAGES = {180},
  TITLE = {New {{Pest Response Guidelines}}: {{Oryctes}} Rhinoceros ({{L}}.) {{Coleoptera}}:{{Scarabaeidae Coconut Rhinoceros Beetle}}},
  URL = {https://github.com/aubreymoore/detectorBeetles/raw/master/Documents%20for%20paper/USDA%20APHIS%20PPQ%202015.pdf},
}

@ARTICLE{pansuwan_s._incidence_2019,
  AUTHOR = {Pansuwan, S., K., Kalanuson and Anothai, J., N., Thaochan},
  DATE = {2019},
  ISSUE = {No.Suppl. 1},
  JOURNALTITLE = {Kaen Kaset = Khon Kaen Agriculture Journal},
  PAGES = {923--930},
  TITLE = {Incidence of Coconut Rhinoceros Beetle in Decomposed Oil Palm Empty Fruit Bunches and Control Strategy by {{Metarhizium}} Guizhouense {{PSUM04}}},
  VOLUME = {47},
}

@ARTICLE{payne_c._c._isolation_1974,
  AUTHOR = {Payne, C. C.},
  DATE = {1974},
  FILE = {/home/aubrey/Zotero/storage/SW55AAVX/Payne, C. C. 1974.pdf},
  JOURNALTITLE = {J. gen. Virology},
  PAGES = {105--116},
  TITLE = {The {{Isolation}} and {{Characterization}} of a {{Virus}} from {{Oryctes}} Rhinoceros},
  VOLUME = {25},
}

@ARTICLE{prior_infectivity_1985,
  AUTHOR = {Prior, C and Arura, M},
  DATE = {1985},
  FILE = {/home/aubrey/Zotero/storage/IMI3B4F5/Prior, Arura - 1985 - The Infectivity of Metarhizium anisopliae of Coconuts.pdf},
  JOURNALTITLE = {Journal of Invertebrate Pathology},
  KEYWORDS = {Metarhizium},
  PAGES = {187--194},
  TITLE = {The {{Infectivity}} of {{Metarhizium}} Anisopliae of {{Coconuts}}},
  VOLUME = {45},
}

@ARTICLE{puker_notes_2011,
  AUTHOR = {Puker, A and Rodrigues, S R and Tiago, E F and Ide, S and Fuhrmann, J},
  DATE = {2011},
  DOI = {10.1603/AN10197},
  FILE = {/home/aubrey/Zotero/storage/QT6TB2F6/Puker 2011.pdf},
  JOURNALTITLE = {Annals of the Entomological Society of America},
  KEYWORDS = {adult,allometry,beetle,behavioral ecology,Brazil,Coleoptera,color,crop pest,crop plant,Dynastinae,ecotone,laboratory method,longevity,Mato Grosso do Sul,Oryctes rhinoceros,Oryctini,oviposition,Pirapo River,Pleurosticti,Scarabaeidae,sexual selection,turnover},
  NUMBER = {5},
  PAGES = {919--927},
  TITLE = {Notes on Biology and Behavior of Rhinoceros Beetle Enema Pan ({{Coleoptera}}: {{Scarabaeidae}}: {{Dynastinae}})},
  URL = {http://www.scopus.com/inward/record.url?eid=2-s2.0-80052496547&partnerID=40&md5=ea08e15dd7c255af47f96716f30ef73c},
  VOLUME = {104},
}

@ARTICLE{pushparajan_characterization_2013,
  AUTHOR = {Pushparajan, Charlotte and Claus, Juan Daniel and Marshall, Sean David Goldie and Visnovsky, Gabriel},
  DATE = {2013-12},
  DOI = {10.1007/s10616-013-9632-9},
  EPRINT = {23979321},
  EPRINTTYPE = {pubmed},
  FILE = {/home/aubrey/Zotero/storage/F75QP5M5/Pushparajan et al. - 2013 - Characterization of growth and Oryctes rhinoceros nudivirus production in attached cultures of the DSIR-HA-1.pdf},
  JOURNALTITLE = {Cytotechnology},
  KEYWORDS = {arator á,attachment dependent insect cell,counting á metabolism,dsir-ha-1179 á oryctes,line á cell,rhinoceros nudivirus á heteronychus},
  NUMBER = {6},
  PAGES = {1003--16},
  TITLE = {Characterization of Growth and {{Oryctes}} Rhinoceros Nudivirus Production in Attached Cultures of the {{DSIR}}-{{HA}}-1179 Coleopteran Insect Cell Line.},
  VOLUME = {65},
}

@ARTICLE{quitugua_trifold_2015,
  AUTHOR = {Quitugua, Roland and Sanders, Mariana and Terral, Olympia and Moore, Aubrey},
  DATE = {2015},
  KEYWORDS = {cfes2015,crbtechreport},
  TITLE = {Trifold {{Pamphlet}}: {{Coconut Rhinoceros Beetle Trapping}}},
  URL = {http://guaminsects.net/anr/sites/default/files/crb-trapping-trifold.pdf},
}

@ARTICLE{r.pradeep_kuma_isolation_2019,
  AUTHOR = {R.Pradeep Kuma, K.V.Dinesh Babu and D.A.Evans},
  DATE = {2019},
  JOURNALTITLE = {Pesticide Biochemistry and Physiology},
  PAGES = {161--170},
  TITLE = {Isolation, Characterization and Mode of Action of a Larvicidal Compound, 22-Hydroxyhopane from {{Adiantum}} Latifolium {{Lam}}. against {{Oryctes}} Rhinoceros {{Linn}}.},
  VOLUME = {153},
}

@ARTICLE{ragoussis_efficient_2007,
  AUTHOR = {Ragoussis, Valentine and Giannikopoulos, Alexandros and Skoka, Efthymia and Grivas, Panagiotis},
  DATE = {2007-06},
  DOI = {10.1021/jf0704662},
  EPRINT = {17530861},
  EPRINTTYPE = {pubmed},
  FILE = {/home/aubrey/Zotero/storage/BSWNFKXA/Ragoussis et al. - 2007 - Efficient synthesis of (-)-4-methyloctanoic acid, aggregation pheromone of rhinoceros beetles of the genus Ory.pdf},
  JOURNALTITLE = {Journal of agricultural and food chemistry},
  KEYWORDS = {Aldehydes,Aldehydes: chemistry,animals,Beetles,Caprylates,Caprylates: chemical synthesis,Octanoic Acids,Octanoic Acids: chemical synthesis,Pheromones,Pheromones: chemical synthesis},
  NUMBER = {13},
  PAGES = {5050--2},
  TITLE = {Efficient Synthesis of (+/-)-4-Methyloctanoic Acid, Aggregation Pheromone of Rhinoceros Beetles of the Genus {{Oryctes}} ({{Coleoptera}}: {{Dynastidae}}, {{Scarabaeidae}}).},
  VOLUME = {55},
}

@ARTICLE{ramle_incidence_2005,
  AUTHOR = {Ramle, M and Wahid, M B and Norman, K and Glare, T R and Jackson, Trevor A},
  DATE = {2005-05},
  DOI = {10.1016/j.jip.2005.02.009},
  EPRINT = {16039309},
  EPRINTTYPE = {pubmed},
  FILE = {/home/aubrey/Zotero/storage/GXTV2SFF/Ramle et al. - 2005 - The incidence and use of Oryctes virus for control of rhinoceros beetle in oil palm plantations in Malaysia.pdf;/home/aubrey/Zotero/storage/ZZ2T6N7E/Ramle - 2005 - Incidence and use of Oryctes virus for control of rhinoceros beetle in oil palm plantations in Malaysia.pdf},
  JOURNALTITLE = {Journal of invertebrate pathology},
  KEYWORDS = {animals,Baculoviridae,Baculoviridae: classification,Baculoviridae: genetics,Baculoviridae: pathogenicity,Beetles,Beetles: virology,Biological,coco,DNA,Incidence,Malaysia,pest control,Plant Oils,Trees,Trees: parasitology,Viral,Virus Diseases,Virus Diseases: epidemiology},
  NUMBER = {1},
  PAGES = {85--90},
  TITLE = {The Incidence and Use of {{Oryctes}} Virus for Control of Rhinoceros Beetle in Oil Palm Plantations in {{Malaysia}}.},
  VOLUME = {89},
}

@MISC{ramle_m;_oryctes_2003,
  AUTHOR = {RAMLE, M;, K, NORMAN and MOHD BASRI, W},
  DATE = {2003},
  FILE = {/home/aubrey/Zotero/storage/4543WKZN/Ramle, M. 2003.pdf~RF2876a53b.TMP},
  PUBLISHER = {{MPOB INFORMATION SERIES ISSN 1511-7871}},
  TITLE = {{{ORYCTES VIRUS FOR BIOCONTROL OF RHINOCEROS BEETLES Oryctes}} Rhinoceros},
}

@ARTICLE{ramle_moslim_application_2007,
  AUTHOR = {Ramle Moslim, Norman Hj Kamarudin and ANG BAN NA},
  DATE = {2007},
  FILE = {/home/aubrey/Zotero/storage/WQM64BME/Ramle Mslim et al 2007.pdf},
  JOURNALTITLE = {Journal of Oil Palm Research},
  PAGES = {319--331},
  TITLE = {{{APPLICATION OF POWDER FORMULATION OF Metarhizium}} Anisopliae {{TO CONTROL Oryctes}} Rhinoceros {{IN ROTTING OIL PALM RESIDUES UNDER LEGUMINOUS COVER CROPS}}},
  VOLUME = {19},
}

@ARTICLE{ramle_moslim_molecular_2011,
  AUTHOR = {Ramle Moslim, Norman Kamarudin and Idris Ghani, Mohd Basri Wahid and Trevor A. Jackson, Tey CC and Modh Ahdly},
  DATE = {2011},
  FILE = {/home/aubrey/Zotero/storage/NQKE9STU/Ramle Moslim et al 2011.pdf},
  JOURNALTITLE = {J. Oil Palm Research},
  PAGES = {1096--1109},
  TITLE = {Molecular Approaches in the Assassment of {{Oryctes}} Rhinoceros Virus for the Control of Rhinocros Beetle in Oil Palm Plantations},
  VOLUME = {23},
}

@ARTICLE{ramle_moslim_optimization_2010,
  AUTHOR = {RAMLE MOSLIM, IDRIS GHANI and MOHD BASRI WAHID, TRAVIS R GLARE and TREVOR A JACKSON},
  DATE = {2010},
  FILE = {/home/aubrey/Zotero/storage/MFJTDSI3/JOPR222010OptimizationPCR (1).pdf},
  JOURNALTITLE = {Journal of Oil Palm Research},
  PAGES = {736--749},
  TITLE = {{{OPTIMIZATION OF THE POLYMERASE CHAIN REACTION}} ({{PCR}}) {{METHOD FOR THE DETECTION OF Oryctes}} Rhinoceros {{VIRUS}}},
  VOLUME = {22},
}

@ARTICLE{reil_low_2016,
  AUTHOR = {Reil, J Bradley and Jose, Michael San and Rubinoff, Daniel},
  DATE = {2016},
  FILE = {/home/aubrey/Zotero/storage/G86D4WH3/Reil et al. - Low Variation in Nuclear and Mitochondrial DNA Inh.pdf},
  JOURNALTITLE = {Proceedings of the Hawaiian Entomological Society},
  LANGID = {english},
  PAGES = {57--69},
  TITLE = {Low {{Variation}} in {{Nuclear}} and {{Mitochondrial DNA Inhibits Resolution}} of {{Invasion Pathways}} across the {{Pacific}} for the {{Coconut Rhinoceros Beetle}} ({{Scarabaeidae}}: {{Oryctes}} Rhinoceros)},
  VOLUME = {48},
}

@ARTICLE{reil_transpacific_2018-1,
  AUTHOR = {Reil, J. Bradley and Doorenweerd, Camiel and Jose, Michael San and Sim, Sheina and Geib, Scott and Rubinoff, Daniel},
  DATE = {2018},
  DOI = {10.1111/mec.14879},
  FILE = {/home/aubrey/Zotero/storage/PSJPLBSK/Reil et al. - 2018 - Transpacific coalescent pathways of coconut rhinoc.pdf;/home/aubrey/Zotero/storage/KTU6UI6L/mec.html},
  ISSN = {1365-294X},
  JOURNALTITLE = {Molecular Ecology},
  LANGID = {english},
  SHORTTITLE = {Transpacific Coalescent Pathways of Coconut Rhinoceros Beetle Biotypes},
  TITLE = {Transpacific Coalescent Pathways of Coconut Rhinoceros Beetle Biotypes: Resistance to Biological Control Catalyzes Resurgence of an Old Pest},
  URL = {https://onlinelibrary.wiley.com/doi/abs/10.1111/mec.14879},
  URLDATE = {2018-10-10},
}

@ARTICLE{report_biological_2014,
  AUTHOR = {Report, Semiannual and Grant, Aphis and Moore, Aubrey and Marshall, Sean},
  DATE = {2014},
  FILE = {/home/aubrey/Zotero/storage/KBJMQA5T/CRB2014-05-04_0.pdf},
  TITLE = {Biological {{Control}} of {{Coconut Rhinoceros Beetle Prepared}} By},
}

@ARTICLE{roxan_d._pille_potential_2018,
  AUTHOR = {Roxan D. Pille, Ma. Juliet C. Ceniza},
  DATE = {2018},
  JOURNALTITLE = {Journal of Science, Engineering and Technology},
  TITLE = {Potential of {{Organic Waste Substrates}} as {{Attractants}} in {{Log Traps}} for {{Coconut Rhinoceros Beetle}} ({{Oryctes Rhinoceros L}}.)},
  VOLUME = {6},
}

@ARTICLE{s_sreekumar_digestive_1988,
  AUTHOR = {S SREEKUMAR, V K K PRABHU},
  DATE = {1988},
  FILE = {/home/aubrey/Zotero/storage/25SIX394/gut physiology of CRB.pdf},
  JOURNALTITLE = {Proc. Indian Acad. Sci. (Anim. Sci.)},
  NUMBER = {1},
  PAGES = {67--71},
  TITLE = {Digestive Enzyme Secretion during Metamorphosis in {{Oryctes}} Rhinoceros ({{Coleoptera}}: {{Scarabaeidae}})},
  VOLUME = {97},
}

@ARTICLE{s._azfar_monitoring_2018,
  AUTHOR = {S. Azfar, A.Nadeem and A.B. Alkhodre, K.Ahsan and N. Mehmood, T.Alghmdi and Y.Alsaawy},
  DATE = {2018},
  FILE = {/home/aubrey/Zotero/storage/4XZVHCTK/Monitoring_Detection_and_Control_Techniques.pdf},
  JOURNALTITLE = {International Journal of Advanced Computer Science and Applications},
  NUMBER = {12},
  PAGES = {424--433},
  TITLE = {Monitoring, {{Detection}} and {{Control Techniques}} of {{Agriculture Pests}} and {{Diseases}} Using {{Wireless Sensor Network}}: {{A Review}}},
  VOLUME = {9},
}

@ARTICLE{s._p._jayawardena_effective_2013,
  AUTHOR = {S. P. Jayawardena},
  DATE = {2013},
  FILE = {/home/aubrey/Zotero/storage/GKGVX43A/Effective Inoculation Method and Optimum Concentration of.pdf},
  JOURNALTITLE = {European International Journal of Science and Technology},
  NUMBER = {8},
  PAGES = {188--194},
  TITLE = {Effective {{Inoculation Method}} and {{Optimum Concentration}} of {{Oryctes Virus}} to {{Infect Oryctes}} Rhinoceros {{Adults}}},
  VOLUME = {2},
}

@ARTICLE{s._p._jayawardena_effective_2013-1,
  AUTHOR = {S. P. Jayawardena},
  DATE = {2013},
  FILE = {/home/aubrey/Zotero/storage/6N4JDIC8/16.pdf},
  JOURNALTITLE = {European International Journal of Science and Technology},
  NUMBER = {8},
  PAGES = {188--194},
  TITLE = {Effective {{Inoculation Method}} and {{Optimum Concentration}} of {{Oryctes Virus}} to {{Infect Oryctes}} Rhinoceros {{Adults}}},
  VOLUME = {2},
}

@ARTICLE{said_adaptation_2006,
  AUTHOR = {Said, Imen and de la Torre, Rosa Aldana and Morin, Jean-Paul and Rochat, Didier and Saïd, Imen and Torre, Rosa Aldana De La and Morin, Jean-Paul and Rochat, Didier and Said, Imen},
  DATE = {2006-10},
  DOI = {10.1007/s00049-005-0320-x},
  FILE = {/home/aubrey/Zotero/storage/W8FSD3QK/Saïd et al. - 2005 - Adaptation of a four-arm olfactometer for behavioural bioassays of large beetles.pdf},
  JOURNALTITLE = {Chemoecology},
  KEYWORDS = {Aggregation pheromone,Coleoptera,curculionidae,four-arm olfactometer,Oryctes rhinoceros,palm beetles,palmarum,rhynchophorus,Scarabaeidae,strategus aloeus,system,volatile delivery},
  NUMBER = {1},
  OPTIONS = {useprefix=true},
  PAGES = {9--16},
  TITLE = {Adaptation of a Four-Arm Olfactometer for Behavioural Bioassays of Large Beetles},
  URL = {http://www.guaminsects.net/CRB/docs/Said 2006 Adaptation of a four-arm olfactometer for behavioural bioassays of large beetles�.pdf},
  VOLUME = {16},
}

@ARTICLE{sanders_coconut_nodate,
  AUTHOR = {Sanders, Mariana and Quitugua, Roland and Terral, Olympia and Moore, Aubrey},
  FILE = {/home/aubrey/Zotero/storage/H9VXVKRC/crb-behavior-biology(1).pdf},
  TITLE = {Coconut {{Rhinoceros Beetle Behavior}} and {{Biology Guam Invasive Species Hotline}}},
}

@ARTICLE{schipper_mass_1976,
  AUTHOR = {Schipper, C. M.},
  DATE = {1976},
  DOI = {10.1111/j.1439-0418.1976.tb04206.x},
  FILE = {/home/aubrey/Zotero/storage/W25JPDFB/0.pdf},
  ISSN = {1439-0418},
  JOURNALTITLE = {Zeitschrift für Angewandte Entomologie},
  NUMBER = {1-4},
  PAGES = {21--25},
  TITLE = {Mass Rearing the Coconut Rhinoceros Beetle, {{Oryctes}} Rhinoceros {{L}}. ({{Scarab}}., {{Dynastinae}})},
  URL = {http://dx.doi.org/10.1111/j.1439-0418.1976.tb04206.x},
  VOLUME = {81},
}

@ONLINE{sekachev_new_2019,
  AUTHOR = {Sekachev, Boris and Manovitch, Nikita and Zhavoronkov, Andrey},
  DATE = {2019-03-05T15:00:16+00:00},
  FILE = {/home/aubrey/Zotero/storage/UBAWVILA/introducing-cvat.pdf},
  JOURNALTITLE = {Intel AI},
  KEYWORDS = {computer vision},
  LANGID = {american},
  TITLE = {New {{Computer Vision Tool Accelerates Annotation}} of {{Digital Images}} and {{Video}}},
  URL = {https://www.intel.ai/introducing-cvat/},
  URLDATE = {2019-04-18},
}

@ARTICLE{seokhyun_lee_establishment_2019,
  AUTHOR = {Seokhyun Lee, Heesam Lee and Kwanho Park},
  DATE = {2019},
  JOURNALTITLE = {Entomological Research},
  TITLE = {Establishment of a Loop‐mediated Isothermal Amplification System for On‐site Diagnosis of {{Oryctes}} Rhinoceros Nudivirus in {{Allomyrina}} Dichotoma ({{Coleoptera}}: {{Scarabaeidae}})},
}

@ARTICLE{seokhyun_lee_first_2015,
  AUTHOR = {Seokhyun Lee, Kwan-Ho Park and Sung-Hee Nam, Kyu-Won-Kwak and Ji-Young Choi},
  DATE = {2015},
  FILE = {/home/aubrey/Zotero/storage/PTDJWJMA/Seokhyun Lee et al. 2015.pdf},
  JOURNALTITLE = {J. of Insect Science},
  NUMBER = {26},
  TITLE = {First Report of {{Oryctes}} Rhinoceros Nudivirus ({{Coleoptera}}: {{Scarabaeidae}}) Causing Severe Disease in {{Allomyrina}} Dichotoma in {{Korea}}},
  VOLUME = {15},
}

@ARTICLE{shyam_prasad_bio-suppression_2008,
  AUTHOR = {Shyam Prasad, G. and Jayakumar, V. and Ranganath, H.R. and Bhagwat, V.R.},
  DATE = {2008-06},
  DOI = {10.1016/j.cropro.2007.11.017},
  FILE = {/home/aubrey/Zotero/storage/TFZ7RR6P/Shyam Prasad et al. - 2008 - Bio-suppression of coconut rhinoceros beetle, Oryctes rhinoceros L. (Coleoptera Scarabaeidae) by Oryctes ba.pdf},
  JOURNALTITLE = {Crop Protection},
  NUMBER = {6},
  PAGES = {959--964},
  TITLE = {Bio-Suppression of Coconut Rhinoceros Beetle, {{Oryctes}} Rhinoceros {{L}}. ({{Coleoptera}}: {{Scarabaeidae}}) by {{Oryctes}} Baculovirus ({{Kerala}} Isolate) in {{South Andaman}}, {{India}}},
  URL = {http://linkinghub.elsevier.com/retrieve/pii/S0261219407003195},
  VOLUME = {27},
}

@REPORT{siderhurst_research_2012,
  AUTHOR = {Siderhurst, Matt and Derstine, Nate and Moore, Aubrey},
  DATE = {2012},
  FILE = {/home/aubrey/Zotero/storage/2F6B6P4F/Siderhurst, Derstine, Moore - 2012 - Research in Support of the Guam Coconut Rhinoceros Beetle Eradication Project Y-tube Olfactometer B.pdf},
  TITLE = {Research in {{Support}} of the {{Guam Coconut Rhinoceros Beetle Eradication Project}}: {{Y}}-Tube {{Olfactometer Bioassays}}, {{May}} 2012},
}

@ARTICLE{siti_lusi_arum_sari_cellulolytic_2016,
  AUTHOR = {SITI LUSI ARUM SARI, ARTINI PANGASTUTI and ARI SUSILOWATI, TJAHJADI PURWOKO and EDWI MAHAJOENO, WAHYU HIDAYAT and IKOW MARDHENA, DANIEL FAJAR PANUNTUN and DEWI KURNIAWATI and ROBIAH ANITASARI},
  DATE = {2016},
  FILE = {/home/aubrey/Zotero/storage/EUHG4F4D/Cellulolytic and hemicellulolytic bacteria from the git of O. rhinoceros.pdf},
  JOURNALTITLE = {BIODIVERSITAS},
  NUMBER = {1},
  PAGES = {78--83},
  TITLE = {Cellulolytic and Hemicellulolytic Bacteria from the Gut of {{Oryctes}} Rhinoceros Larvae},
  VOLUME = {17},
}

@REPORT{smith_early_2008,
  AUTHOR = {Smith, Sheri Lee and Moore, Aubrey},
  DATE = {2008},
  FILE = {/home/aubrey/Zotero/storage/22RZETFW/CRB-.pdf},
  PAGES = {1--6},
  TITLE = {Early {{Detection Pest Risk Assessment Coconut Rhinoceros Beetle}}},
}

@ARTICLE{stephan_wolf_so_2014,
  AUTHOR = {Stephan Wolf, Dino P. McMahon and Ka S. Lim, Christopher D. Pull and Suzanne J. Clark, Robert J. Paxton and Juliet L. Osborne},
  DATE = {2014},
  FILE = {/home/aubrey/Zotero/storage/AG6QZGZC/Harmonic radar reveals.pdf},
  JOURNALTITLE = {PLOS ONE},
  NUMBER = {8},
  PAGES = {e103989},
  TITLE = {So {{Near}} and {{Yet So Far}}: {{Harmonic Radar Reveals Reduced Homing Ability}} of {{Nosema Infected Honeybees}}},
  VOLUME = {9},
}

@ARTICLE{susamto_somowiyarjo_propagation_1996,
  AUTHOR = {Susamto Somowiyarjo, Y. B. Sumardiyono and Sedyo Hartono Triharso},
  DATE = {1996},
  FILE = {/home/aubrey/Zotero/storage/WTKSUI3Q/Susamto Somowiyarjo et al. 1996.pdf},
  JOURNALTITLE = {Indian J. Plant Protection},
  NUMBER = {1},
  PAGES = {38--40},
  TITLE = {Propagation and Purification of Baculovirus {{Oryctes Huger}}},
  VOLUME = {1},
}

@ARTICLE{susanta_k._behura_molecular_2006,
  AUTHOR = {SUSANTA K. BEHURA},
  DATE = {2006},
  FILE = {/home/aubrey/Zotero/storage/QIABRKWZ/SUSANTA K. BEHURA 2006.pdf},
  JOURNALTITLE = {Molecular Ecology (Invited Review)},
  PAGES = {3087--3113},
  TITLE = {Molecular Marker Systems in Insects: Current Trends and Future Avenues},
  VOLUME = {15},
}

@ARTICLE{swan_review_1974,
  AUTHOR = {Swan, D. I.},
  DATE = {1974},
  FILE = {/home/aubrey/Zotero/storage/AH3PXXRS/Swan 1974.pdf},
  JOURNALTITLE = {Commonwealth Institute of Biological Control Miscellaneous Pulication No. 7},
  KEYWORDS = {Metarhizium},
  TITLE = {A Review of the Work on Predators, Parasites and Pathogens for the Control of {{Oryctes}} Rhinoceros ({{Coleoptera}}: {{Scarabaeidae}}) in the {{Pacific}} Area},
}

@ARTICLE{t._sivakumar_occurrence_2013,
  AUTHOR = {T. SIVAKUMAR, CHANDRIKA MOHAN},
  DATE = {2013},
  FILE = {/home/aubrey/Zotero/storage/ZQXE8M73/T. SIVAKUMAR, CHANDRIKA MOHAN 2013.pdf},
  JOURNALTITLE = {Pest Management in Horticultural Ecosystems},
  NOTE = {Short Note},
  NUMBER = {1},
  PAGES = {99--101},
  TITLE = {Occurrence of Rhinoceros Beetle, {{Oryctes}} Rhinoceros ({{L}}.), on Banana Cultivars in {{Kerala}}},
  VOLUME = {19},
}

@ARTICLE{t._srinivasan_validation_2018,
  AUTHOR = {T. Srinivasan, K. Rajamanickam and Chandrika Mohan, H.P. Maheswarappa},
  DATE = {2018},
  FILE = {/home/aubrey/Zotero/storage/84IF6VW6/Validation of integrated pest management strategy... JPC.pdf},
  JOURNALTITLE = {Journal of Plantation Crops},
  NUMBER = {1},
  PAGES = {8--11},
  TITLE = {Validation of Integrated Pest Management Strategy against Coconut Rhinoceros Beetle, {{Oryctes}} Rhinoceros {{L}}. ({{Scarabaeidae}}: {{Coleoptera}})},
  VOLUME = {46},
}

@ARTICLE{terral_coconut_nodate,
  AUTHOR = {Terral, Olympia and Moore, Aubrey},
  FILE = {/home/aubrey/Zotero/storage/PRCKNXKI/crb-behavior-2col.pdf;/home/aubrey/Zotero/storage/RTZIAJBG/CRB-Behavior-and-Biology1.pdf},
  PAGES = {1--3},
  TITLE = {Coconut {{Rhinoceros Beetle Behavior}} and {{Biology}}},
}

@ARTICLE{terral_poster_2014-3,
  AUTHOR = {Terral, Olympia and Quitugua, Roland and Moore, Aubrey},
  DATE = {2014},
  KEYWORDS = {coconut rhinoceros beetle},
  TITLE = {Poster: {{Life Cycle}} of the {{Coconut Rhinoceros Beetle}}, {{Oryctes}} Rhinoceros},
  URL = {http://guaminsects.net/anr/sites/default/files/rhinofinal_0.pdf},
}

@UNPUBLISHED{trevor_jackson_rhinoceros_2012,
  AUTHOR = {Trevor Jackson, Sean Marshall},
  DATE = {2012},
  TITLE = {Rhinoceros Beetle Management in the {{Pacific}}},
}

@ARTICLE{tsatsia_status_nodate,
  AUTHOR = {Tsatsia, Francis and Wratten, Hilda and Gharuka, Maria and Fanai, Crispus and Wate, Dudley and Tsatsia, Helen and Macfarlane, Bob},
  FILE = {/home/aubrey/Zotero/storage/3ZYXXR7I/Tsatsia et al. - The status of Coconut Rhinoceros Beetle, Oryctes r.pdf},
  LANGID = {english},
  PAGES = {5},
  TITLE = {The Status of {{Coconut Rhinoceros Beetle}}, {{Oryctes}} Rhinoceros ({{L}}) {{Scarabaeidae}} : {{Dynastinae}}, in {{Solomon Islands}}.},
}

@ARTICLE{ug_coconut_nodate,
  AUTHOR = {Ug, Aubrey Moore},
  FILE = {/home/aubrey/Zotero/storage/JU6JF4Z7/Ug - Unknown - Coconut Rhinoceros Beetle , Oryctes rhinoceros Coleoptera Scarabaeidae A Major Threat to Hawaii ’ s Coconut and Palm T.pdf},
  TITLE = {Coconut {{Rhinoceros Beetle}} , {{Oryctes}} Rhinoceros {{Coleoptera}} : {{Scarabaeidae A Major Threat}} to {{Hawaii}} ’ s {{Coconut}} and {{Palm Trees}}},
}

@ONLINE{usda-aphis_crb_2019,
  AUTHOR = {USDA-APHIS},
  DATE = {2019-07-05},
  TITLE = {{{CRB Import Permit}}},
  URL = {https://github.com/aubreymoore/CRB-Import-Permit/blob/master/2019-CRB-Import-Permit.pdf},
}

@ARTICLE{valan_automated_2019,
  AUTHOR = {Valan, Miroslav and Makonyi, Karoly and Maki, Atsuto and Vondráček, Dominik and Ronquist, Fredrik},
  DATE = {2019-03-02},
  DOI = {10.1093/sysbio/syz014},
  EDITOR = {Buckley, Thomas},
  FILE = {/home/aubrey/Zotero/storage/FK3KLMMI/Valan et al. - 2019 - Automated Taxonomic Identification of Insects with.pdf},
  ISSN = {1063-5157, 1076-836X},
  JOURNALTITLE = {Systematic Biology},
  LANGID = {english},
  TITLE = {Automated {{Taxonomic Identification}} of {{Insects}} with {{Expert}}-{{Level Accuracy Using Effective Feature Transfer}} from {{Convolutional Networks}}},
  URL = {https://academic.oup.com/sysbio/advance-article/doi/10.1093/sysbio/syz014/5368535},
  URLDATE = {2019-07-16},
}

@ARTICLE{vander_meer_+---n-morphinan_1979,
  AUTHOR = {Vander Meer, Robert K and Ghatak, Usha R. and Alam, Shaikh Khairul and Chakraborti, Prabir C. and Alam, Khairul Shaikh and Chakraborti, Prabir C.},
  DATE = {1979},
  FILE = {/home/aubrey/Zotero/storage/CADD6QIE/Vander Meer 1979.pdf;/home/aubrey/Zotero/storage/HS5I6GMJ/Vander Meer et al. - 1979 - (-)-Des-N-Morphinan a unique bridged hydrocarbon attractant for the rhinoceros beetle, Oryctes rhinoceros, a.pdf},
  JOURNALTITLE = {Environmental Entomology},
  NUMBER = {1},
  PAGES = {6--10},
  TITLE = {(+-)-{{Des}}-{{N}}-{{Morphinan}}: A Unique Bridged Hydrocarbon Attractant for the Rhinoceros Beetle, {{Oryctes}} Rhinoceros, and Development of an Olfactometer},
  VOLUME = {8},
}

@ARTICLE{vander_meer_indirect_1975,
  AUTHOR = {Vander Meer, Robert K and Mclean, J A},
  DATE = {1975},
  FILE = {/home/aubrey/Zotero/storage/4ZBIADU5/Vander Meer, Mclean - 1975 - Indirect Methods of Determining the Emergent Weight of Oryctes rhinoceros (L.).pdf},
  JOURNALTITLE = {Annals of the Entomological Society of America},
  NUMBER = {5},
  PAGES = {867--868},
  TITLE = {Indirect {{Methods}} of {{Determining}} the {{Emergent Weight}} of {{Oryctes}} Rhinoceros ({{L}}.)},
  VOLUME = {68},
}

@ARTICLE{vander_meer_per_1987,
  AUTHOR = {Vander Meer, Robert K},
  DATE = {1987},
  FILE = {/home/aubrey/Zotero/storage/GZJ4MMF6/Vander Meer - 1987 - Per cent emergent weight a roadmap to adult rhinoceros beetle, Oryctes rhinoceros, behaviour.pdf},
  JOURNALTITLE = {Journal of Insect Physiology},
  NUMBER = {6},
  PAGES = {437--441},
  TITLE = {Per Cent Emergent Weight: A Roadmap to Adult Rhinoceros Beetle, {{Oryctes}} Rhinoceros, Behaviour},
  URL = {http://www.guaminsects.net/CRB/docs/VanderMeer1986.pdf},
  VOLUME = {33},
}

@ARTICLE{vandermeer_structure-activity_1983,
  AUTHOR = {Vandermeer, R K and McGovern, T P},
  DATE = {1983},
  FILE = {/home/aubrey/Zotero/storage/A2PDZKJQ/Vander Meer 1983.pdf},
  JOURNALTITLE = {Journal of Economic Entomology},
  KEYWORDS = {ANT,ATTRACTANT,Coleoptera,pheromone,QUEENS,SOCIAL INSECT,SOLENOPSIS,STRUCTURE ACTIVITY,TRAIL},
  NUMBER = {4},
  PAGES = {723--727},
  TITLE = {Structure-Activity Correlations for Derivatives of Siglure-Attractants for {{Oryctes}} Rhinoceros {{L}}. ({{Coleoptera}}, {{Scarabaeidae}})},
  VOLUME = {76},
}

@ARTICLE{vaqalo_pest_2015,
  AUTHOR = {Vaqalo, Maclean and Marshall, Sean and Jackson, Trevor and Moore, Aubrey},
  DATE = {2015},
  FILE = {/home/aubrey/Zotero/storage/HNJB546G/Pest Alert_Coconut Rhino Beetle final.pdf},
  PAGES = {2--2},
  TITLE = {Pest {{Alert}} 51: {{An}} Emerging Biotype of Coconut Rhinoceros Beetle Discovered in the {{Pacific}}},
}

@REPORT{vargo_coconut_2000,
  AUTHOR = {Vargo, Agnes},
  DATE = {2000-01},
  FILE = {/home/aubrey/Zotero/storage/GNCQMFN3/Vargo - 2000 - Coconut Rhinoceros Beetle (Oryctes rhinoceros).pdf;/home/aubrey/Zotero/storage/2S3N4NIG/32711.html},
  INSTITUTION = {{Agricultural Development in the American Pacific Project}},
  LANGID = {american},
  TITLE = {Coconut {{Rhinoceros Beetle}} ({{Oryctes}} Rhinoceros)},
  TYPE = {Report},
  URL = {http://scholarspace.manoa.hawaii.edu/handle/10125/32711},
  URLDATE = {2019-08-22},
}

@ARTICLE{vuts_semiochemistry_2014,
  AUTHOR = {Vuts, József and Imrei, Zoltán and Birkett, Michael A. and Pickett, John A. and Woodcock, Christine M. and Tóth, Miklós},
  DATE = {2014},
  FILE = {/home/aubrey/Zotero/storage/CWRKGH9N/Vuts et al. - Semiochemistry of the Scarabaeoidea.pdf},
  ISSN = {0098-0331},
  JOURNALTITLE = {Journal of Chemical Ecology},
  LANGID = {english},
  NUMBER = {2},
  PAGES = {190--210},
  TITLE = {Semiochemistry of the {{Scarabaeoidea}}},
  URL = {https://www.academia.edu/22382000/Semiochemistry_of_the_Scarabaeoidea},
  URLDATE = {2020-02-12},
  VOLUME = {40},
}

@ARTICLE{vuts_semiochemistry_2014-1,
  AUTHOR = {Vuts, József and Imrei, Zoltán and Birkett, Michael A. and Pickett, John A. and Woodcock, Christine M. and Tóth, Miklós},
  DATE = {2014},
  FILE = {/home/aubrey/Zotero/storage/F6LBZ94Q/Vuts et al. - Semiochemistry of the Scarabaeoidea.pdf},
  ISSN = {0098-0331},
  JOURNALTITLE = {Journal of Chemical Ecology},
  LANGID = {english},
  NUMBER = {2},
  PAGES = {190--210},
  TITLE = {Semiochemistry of the {{Scarabaeoidea}}},
  URL = {https://www.academia.edu/22382000/Semiochemistry_of_the_Scarabaeoidea},
  URLDATE = {2020-03-12},
  VOLUME = {40},
}

@ARTICLE{wang_toxicity_2005-1,
  AUTHOR = {Wang, Baode and Gao, Ruitong and Mastro, Victor C and Reardon, Richard C},
  DATE = {2005},
  FILE = {/home/aubrey/Zotero/storage/JN7AKCM5/Wang et al. - 2005 - Toxicity of four systemic neonicotinoids to adults of textit Anoplophora glabripennis (Coleoptera Cerambycidae).pdf},
  JOURNALTITLE = {Journal of Economic Entomology},
  NUMBER = {6},
  PAGES = {2292--2300},
  TITLE = {Toxicity of Four Systemic Neonicotinoids to Adults of {{Anoplophora}} Glabripennis ({{Coleoptera}}: {{Cerambycidae}})},
  URL = {http://www.guaminsects.net/doc/oryctes/wang},
  VOLUME = {98},
}

@ARTICLE{watanabe_identification_2020,
  AUTHOR = {Watanabe, Shizu and Adams, Brandi-Leigh and Kong, Alexandra and Masang, Nelson and Vowell, Tomie and Melzer, Michael},
  DATE = {2020},
  DOI = {10.1093/aesa/saz057},
  FILE = {/home/aubrey/Zotero/storage/IQ7R92ZU/5748292.html},
  JOURNALTITLE = {Annals of the Entomological Society of America},
  LANGID = {english},
  SHORTJOURNAL = {Ann Entomol Soc Am},
  SHORTTITLE = {Identification of {{Genes That Result}} in {{High Mortality}} of {{Oryctes}} Rhinoceros ({{Scarabaeidae}}},
  TITLE = {Identification of {{Genes That Result}} in {{High Mortality}} of {{Oryctes}} Rhinoceros ({{Scarabaeidae}}: {{Coleoptera}}) {{When Targeted Using}} an {{RNA Interference Approach}}: {{Implications}} for {{Large Invasive Insects}}},
  URL = {https://academic.oup.com/aesa/advance-article/doi/10.1093/aesa/saz057/5748292},
  URLDATE = {2020-03-21},
}

@ARTICLE{watanabe_multiplex_2017,
  AUTHOR = {Watanabe, S. and Melzer, M. J.},
  DATE = {2017-04-01},
  DOI = {10.1093/jee/tow299},
  FILE = {/home/aubrey/Zotero/storage/CHPUD3CE/Watanabe and Melzer - 2017 - A Multiplex PCR Assay for Differentiating Coconut .pdf;/home/aubrey/Zotero/storage/XSMJ9T4F/2929445.html},
  ISSN = {0022-0493},
  JOURNALTITLE = {Journal of Economic Entomology},
  LANGID = {english},
  NUMBER = {2},
  PAGES = {678--682},
  SHORTJOURNAL = {J Econ Entomol},
  SHORTTITLE = {A {{Multiplex PCR Assay}} for {{Differentiating Coconut Rhinoceros Beetle}} ({{Coleoptera}}},
  TITLE = {A {{Multiplex PCR Assay}} for {{Differentiating Coconut Rhinoceros Beetle}} ({{Coleoptera}}: {{Scarabaeidae}}) {{From Oriental Flower Beetle}} ({{Coleoptera}}: {{Scarabaeidae}}) in {{Early Life Stages}} and {{Excrement}}},
  URL = {https://academic.oup.com/jee/article/110/2/678/2929445},
  URLDATE = {2018-07-15},
  VOLUME = {110},
}

@UNPUBLISHED{watanabe_survey_2016-1,
  AUTHOR = {Watanabe, Shizu and Melzer, Michael},
  DATE = {2016},
  EVENTTITLE = {49th {{Annual Meeting}} of the {{Society}} for {{Invertebrate Pathology}}},
  FILE = {/home/aubrey/Zotero/storage/XJ7RU6N3/Watanabe - 2016 - Survey for Oryctes rhinoceros nudivirus (OrNV) in.pdf},
  TITLE = {Survey	 for {{Oryctes}} Rhinoceros Nudivirus ({{OrNV}}) in a {{Hawaiian}}	coconut Rhinoceros Beetle ({{Oryctes}} Rhinoceros) Population and	genetic Diversity of {{Pacific}}	isolates of {{OrNV}}},
  TYPE = {poster},
  URL = {http://www.sipweb.org/docs/Abstract_book_SIP_2016.pdf},
  URLDATE = {2018-07-31},
  VENUE = {{Tours, France}},
}

@ARTICLE{wertheim_pheromone-mediated_2005,
  AUTHOR = {Wertheim, Bregje and Van Baalen, Erik-Jan A and Dicke, Marcel and Vet, Louise E M},
  DATE = {2005},
  EPRINT = {15355243},
  EPRINTTYPE = {pubmed},
  JOURNALTITLE = {Annual Review of Entomology},
  KEYWORDS = {animals,arthropods,arthropods physiology,environment,evolution,Pheromones,pheromones physiology,reproduction,social behavior,Species Specificity},
  NUMBER = {94},
  PAGES = {321--346},
  TITLE = {Pheromone-Mediated Aggregation in Nonsocial Arthropods: An Evolutionary Ecological Perspective.},
  VOLUME = {50},
}

@ARTICLE{y._wang_genomic_2007,
  AUTHOR = {Y. Wang, M. M. van Oers and A. M. Crawford, J. M. Vlak and J. A. Jehle},
  DATE = {2007},
  FILE = {/home/aubrey/Zotero/storage/D344CG8E/Wang, Y. et al. 2007.pdf},
  JOURNALTITLE = {Archives of Virology},
  PAGES = {519--531},
  TITLE = {Genomic Analysis of {{Oryctes}} Rhinoceros Virus Reveals Genetic Relatedness to {{Heliothis}} Zea Virus 1},
  VOLUME = {152},
}

@ARTICLE{yamini_varma_c.k_efficacy_2013,
  AUTHOR = {Yamini Varma C.K},
  DATE = {2013},
  FILE = {/home/aubrey/Zotero/storage/7ZB6BZNB/Yamini Varma C.K 2013.pdf},
  JOURNALTITLE = {J. Biopest},
  NUMBER = {2},
  PAGES = {101--103},
  TITLE = {Efficacy of Ecofriendly Management against {{Rhinoceros}} Beetle Grubs in Coconut},
  VOLUME = {6},
}

@ARTICLE{yong-jie_wang_nudivirus_2007,
  AUTHOR = {Yong-jie Wang, John P. Burand and Johannes A. Jehle},
  DATE = {2007},
  FILE = {/home/aubrey/Zotero/storage/AZ4V8I2R/Yong-jie Wang ei al. 2007.pdf},
  JOURNALTITLE = {Virologica Sinica},
  NUMBER = {2},
  PAGES = {128--136},
  TITLE = {Nudivirus {{Genomics}}: {{Diversity}} and {{Classification}}},
  VOLUME = {22},
}

@ARTICLE{young_recent_1982,
  AUTHOR = {Young, G. R.},
  DATE = {1982},
  DOI = {10.1080/09670878209370686},
  FILE = {/home/aubrey/Zotero/storage/W4Z3MPK5/Young982GR.pdf},
  JOURNALTITLE = {Tropical Pest Management},
  NUMBER = {2},
  PAGES = {107--114},
  TITLE = {Recent Work on Biological Control in {{Papua New Guinea}} and Some Suggestions for the Future∗},
  VOLUME = {28},
}

@ARTICLE{young_rhinoceros_1986,
  AUTHOR = {Young, E C},
  DATE = {1986},
  FILE = {/home/aubrey/Zotero/storage/IPMACFUU/Young - 1986 - The rhinoceros beetle project history and review of the research programme.pdf},
  JOURNALTITLE = {Agriculture, Ecosystems and Environment},
  PAGES = {149--166},
  TITLE = {The Rhinoceros Beetle Project: History and Review of the Research Programme},
  VOLUME = {15},
}

@ARTICLE{yudin_our_2012,
  AUTHOR = {Yudin, Lee S and Moore, Aubrey},
  DATE = {2012},
  JOURNALTITLE = {Inspire Local Magazine},
  TITLE = {Our {{Island Without Coconut Trees}}, {{Could It Happen}}: {{Coconut Rhinoceros Beetle}}},
}

@ARTICLE{zelazny_b._occurrence_1977,
  AUTHOR = {Zelazny, B.},
  DATE = {1977},
  JOURNALTITLE = {FAO Plant Protection Bulletin},
  NUMBER = {2},
  PAGES = {73--77},
  TITLE = {Occurrence of the Baculovirus Disease of the Coconut Palm Rhinoceros Beetle in the {{Philippines}} and in {{Indonesia}}},
  VOLUME = {25},
}

@ARTICLE{zelazny_b._preparation_1987,
  AUTHOR = {Zelazny, B., A. .R., Alfiler and Crawford, A.M.},
  DATE = {1987},
  JOURNALTITLE = {FAO Plant Protection Bulletin …},
  TITLE = {Preparation of a Baculovirus Inoculum for Use by Coconut Farmers to Control Rhinoceros Beetle ({{Oryctes}} Rhinoceros)},
}

@ARTICLE{zelazny_ecological_1987,
  AUTHOR = {Zelazny, B. and Alfiler, A. R.},
  DATE = {1987},
  FILE = {/home/aubrey/Zotero/storage/XJ3BM8VP/Zelazny, Alfiler - 1987 - Ecological methods for adult populations of Oryctes rhinoceros (Coleoptera, Scarabaeidae).pdf},
  JOURNALTITLE = {Ecological Entomology},
  PAGES = {227--238},
  TITLE = {Ecological Methods for Adult Populations of {{Oryctes}} Rhinoceros ({{Coleoptera}}, {{Scarabaeidae}})},
  VOLUME = {12},
}

@ARTICLE{zelazny_ecology_1991,
  AUTHOR = {Zelazny, B. and Alfiler, A. R.},
  DATE = {1991},
  FILE = {/home/aubrey/Zotero/storage/E55UWZXH/Zelazny, Alfiler - 1991 - Ecology of baculovirus-infected and healthy adults of Oryctes rhinoceros (Coleoptera Scarabeidae) on coconut p.pdf},
  JOURNALTITLE = {Ecological Entomology},
  PAGES = {253--259},
  TITLE = {Ecology of Baculovirus-Infected and Healthy Adults of {{Oryctes}} Rhinoceros ({{Coleoptera}}: {{Scarabeidae}}) on Coconut Palms in the {{Philippines}}},
  VOLUME = {16},
}

@ARTICLE{zelazny_oryctes_1977,
  AUTHOR = {Zelazny, B.},
  DATE = {1977},
  FILE = {/home/aubrey/Zotero/storage/DFRZ5S7A/Zelazny - 1977 - Oryctes rhinoceros populations and behavior influenced by a baculovirus.pdf},
  JOURNALTITLE = {Journal of Invertebrate Pathology},
  PAGES = {210--215},
  TITLE = {Oryctes Rhinoceros Populations and Behavior Influenced by a Baculovirus},
  VOLUME = {215},
}

@ARTICLE{zelazny_oryctes_1986,
  AUTHOR = {Zelazny, B and Alfiler, A},
  DATE = {1986},
  FILE = {/home/aubrey/Zotero/storage/I8Q6XXE6/84.full.pdf},
  JOURNALTITLE = {Environmental Entomology},
  KEYWORDS = {arthropods,Asia,Beetles,Diseases and disorders,Ecology,Eurasia,Host parasite relationships,insects,invertebrates,Land zones,Microbial diseases,Oriental region,Parasites diseases and disorders,Population dynamics},
  NUMBER = {1},
  PAGES = {84--87},
  TITLE = {Oryctes Rhinoceros ({{Coleoptera}}: {{Scarabaeidae}}). {{Larva}} Abundance and Mortality Factors in the {{Philippines}}},
  URL = {://ZOOREC:ZOOR12300013472},
  VOLUME = {15},
}

@ARTICLE{zelazny_phytophagous_1982,
  AUTHOR = {ZELAZNY, B and PCA, E PACUMBABA},
  DATE = {1982},
  DOI = {10.1111/j.1365-2311.1982.tb00649.x},
  JOURNALTITLE = {Ecological Entomology},
  KEYWORDS = {Cadangxadang,coconut palms,Coleoptera,Hemiptera,Homoptera,Orthoptera,viroid.},
  NUMBER = {1},
  PAGES = {113--120},
  TITLE = {Phytophagous Insects Associated with Cadang-Cadang Infected and Healthy Coconut Palms in {{South}}-Eastern {{Luzon}}, {{Philippines}}},
  URL = {http://dx.doi.org/10.1111/j.1365-2311.1982.tb00649.x},
  VOLUME = {7},
}

@ARTICLE{zelazny_studies_1973,
  AUTHOR = {Zelazny, B.},
  DATE = {1973-11-01},
  DOI = {10.1016/0022-2011(73)90164-X},
  FILE = {/home/aubrey/Zotero/storage/E89HS8RI/002220117390164X.html},
  ISSN = {0022-2011},
  JOURNALTITLE = {Journal of Invertebrate Pathology},
  LANGID = {english},
  NUMBER = {3},
  PAGES = {359--363},
  SHORTJOURNAL = {Journal of Invertebrate Pathology},
  SHORTTITLE = {Studies on {{Rhabdionvirus}} Oryctes},
  TITLE = {Studies on {{Rhabdionvirus}} Oryctes: {{III}}. {{Incidence}} in the {{Oryctes}} Rhinoceros Population of {{Western Samoa}}},
  URL = {http://www.sciencedirect.com/science/article/pii/002220117390164X},
  URLDATE = {2020-02-19},
  VOLUME = {22},
}

@ARTICLE{zelazny_studies_1973-1,
  AUTHOR = {Zelazny, B.},
  DATE = {1973-07-01},
  DOI = {10.1016/0022-2011(73)90020-7},
  FILE = {/home/aubrey/Zotero/storage/8UTTNN5S/0022201173900207.html},
  ISSN = {0022-2011},
  JOURNALTITLE = {Journal of Invertebrate Pathology},
  LANGID = {english},
  NUMBER = {1},
  PAGES = {122--126},
  SHORTJOURNAL = {Journal of Invertebrate Pathology},
  SHORTTITLE = {Studies on {{Rhabdionvirus}} Oryctes},
  TITLE = {Studies on {{Rhabdionvirus}} Oryctes: {{II}}. {{Effect}} on Adults of {{Oryctes}} Rhinoceros},
  URL = {http://www.sciencedirect.com/science/article/pii/0022201173900207},
  URLDATE = {2020-02-29},
  VOLUME = {22},
}

